2396 3041
335 366 391 396 68⁵1

333 450 421 480 etiam
441 449 472 479 in
492 448 673 487 gravissimis
690 450 807 487 pugnis,
828 459 887 479 non
908 449 1025 478 aliunde
1044 453 1090 479 eet
1109 458 1197 486 quam

334 497 372 519 ex
404 487 524 525 spiritus
559 487 652 518 saneti
683 487 806 517 auxilio:
842 497 901 517 aon
936 486 1011 525 quod
1047 486 1198 525 splendide

333 535 448 564 semper
466 526 497 555 in
513 526 598 556 nobis
616 531 734 556 exuerat
753 535 836 555 suam
857 526 1006 561 virtutem,
1026 526 1095 563 quia
1113 535 1198 563 saepe

333 574 398 594 eam
429 564 544 602 perfluit
570 564 601 593 in
627 568 729 594 nostra
756 565 943 594 infirmitate:
972 564 1022 593 eed
1052 564 1124 593 satis
1154 567 1198 593 eet

333 601 411 641 quod
430 602 523 632 caeeis
543 607 572 632 et
591 602 787 633 nescientibus
806 603 959 637 succurrit,
983 601 1113 632 labantes
1132 611 1196 632 sus-

332 643 439 672 tentat.
458 641 518 670 imo
537 641 625 670 etiam
646 641 742 678 lapsos
762 640 860 679 erigit.

410 679 456 708 24.
477 678 612 716 (Consilio
630 679 698 718 uon.)
737 678 884 714 Quoniam
904 678 993 708 verba
1020 683 1089 708 sunt
1107 678 1198 707 futuri

332 717 486 755 temporis,
516 716 596 746 hunc
624 716 787 755 genuinum
817 727 881 747 esse
908 726 1027 747 sensum
1047 716 1197 746 existimo:

332 754 462 785 Domine
487 760 641 793 postquam
665 764 744 785 nuno
771 759 820 785 tuo
844 755 933 784 ductu
951 755 982 784 in
1003 755 1082 784 viam
1109 754 1198 784 semel

332 795 471 823 reductae
502 803 582 828 sum.
610 794 731 830 posthac
762 795 849 823 etiam
879 802 981 830 regere
1011 802 1057 822 me
1086 802 1198 830 perges,

333 831 425 862 donec
452 831 570 861 taudem
591 832 621 860 in
641 831 764 869 gloriam
788 836 870 862 tuam
889 831 1040 869 suscipiar.
1081 831 1198 861 Scimus

332 869 421 904 enim,
440 868 548 898 Davidi
567 869 689 899 solenne
708 879 781 906 esse,
806 870 856 900 ubi
876 870 986 908 gratias
1007 869 1075 907 agit,
1102 869 1198 899 conci-

334 917 404 946 pere
423 907 557 937 fiduciam
578 909 608 937 in
629 909 762 937 futurum
782 912 904 946 tempus.
945 909 1103 944 Postquam
1130 915 1198 944 ergo

334 946 482 976 eonfeseue
502 951 547 976 eat
566 946 753 976 infirmitatae
771 955 848 982 anae,
868 946 1027 976 celebravit
1047 955 1134 983 quam
1152 955 1200 975 ex-

334 988 436 1022 pertus
455 989 519 1014 erat
537 983 710 1014 adiutricem
731 985 787 1014 Dei
806 985 945 1023 gratiam:
969 994 1047 1014 nunc
1066 983 1102 1014 de
1121 983 1198 1013 eius-

334 1023 400 1052 dem
424 1023 644 1060 pei-severantia
669 1032 747 1060 npem
776 1023 831 1052 eibi
858 1023 934 1053 facit.
974 1023 1106 1052 Dii-ectio
1131 1030 1198 1051 con-

334 1061 392 1090 ciiii
412 1061 510 1097 priore
529 1060 592 1090 luco
612 1062 748 1098 ponitur.-
769 1062 836 1098 quia
856 1062 911 1090 etei
931 1060 1029 1090 stultis
1049 1064 1079 1089 et
1098 1060 1200 1088 incon·

334 1099 469 1128 sideratis
488 1107 535 1128 res
554 1099 703 1129 interdum
722 1100 796 1129 bene
815 1099 975 1129 succedunt
993 1099 1073 1138 (quia
1093 1099 1200 1128 nostris

335 1137 482 1166 erroribus
503 1137 637 1167 medetur
656 1137 746 1172 Deus,
767 1142 797 1168 et
817 1147 890 1176 quae
910 1138 986 1167 male
1007 1141 1119 1166 tentata
1138 1137 1200 1165 l'ue·

334 1179 411 1211 rant,
437 1175 465 1204 in
490 1175 639 1204 laetiorem
666 1177 779 1205 exitum
799 1176 901 1215 vertit)
929 1176 1076 1204 ordinaria
1101 1181 1199 1204 tamen

335 1218 365 1242 et
402 1214 494 1243 lenior
512 1214 576 1243 eius
591 1214 753 1243 benedictio
774 1218 819 1244 eet
834 1215 904 1243 dare
920 1215 981 1243 suia
1000 1213 1199 1251 prudentiam:

335 1256 366 1281 et
381 1223 439 1282 ¹1³1oe
458 1252 601 1289 imprimis
620 1252 787 1289 petendum,
814 1257 849 1283 ut
868 1252 974 1290 spiritu
993 1252 1084 1282 eoeilii
1105 1256 1134 1281 et
1154 1251 1199 1280 iu·

335 1290 403 1319 dicii
423 1299 478 1319 une
525 1290 654 1319 ubernet.
693 1291 835 1329 Quisquis
861 1291 940 1320 euim
965 1299 1018 1320 sua
1043 1290 1200 1328 prudentia

333 1328 427 1358 fretue
446 1299 603 1366 quifquam
624 1329 744 1366 aggi-edi
764 1329 890 1365 audebit,
920 1330 988 1366 quia
1007 1328 1063 1358 eibi
1082 1332 1200 1366 arrogat

335 1366 411 1404 quod
436 1365 494 1396 Dei
538 1367 667 1405 roprium
694 1372 752 1403 eet,
781 1377 849 1398 oum
876 1367 931 1397 hac
957 1376 1009 1397 cua
1034 1367 1199 1396 temeritate

334 1404 471 1442 pudefiat.
535 1405 546 1433 i
566 1406 643 1435 enim
663 1405 772 1435 Devidi
795 1414 915 1436 necesse
934 1406 990 1435 fuit
1008 1409 1198 1443 praeeuntem

334 1442 443 1472 habere
459 1443 564 1479 Deum,
584 1448 692 1481 quanto
710 1445 804 1482 magis
819 1445 920 1474 codem
938 1443 1009 1474 duee
1027 1444 1111 1473 nobie
1125 1453 1198 1480 opus

334 1480 399 1511 eet?
430 1480 559 1511 Consilio
587 1481 691 1512 deinde
710 1482 881 1520 adiungitur
899 1482 1002 1519 gloria,
1028 1491 1109 1519 quae,
1134 1490 1198 1511 meo

334 1518 450 1554 iudicio,
471 1519 507 1548 ed
528 1523 678 1550 aeternam
693 1521 785 1550 vitam
805 1521 945 1559 restringi
965 1529 1024 1550 non
1045 1520 1139 1554 debet,
1159 1519 1198 1549 si-

334 1558 395 1588 cuti
420 1558 530 1587 faciunt
569 1559 681 1588 uidam:
708 1559 759 1588 sed
785 1562 877 1589 totum
905 1559 1054 1588 felicitatie
1080 1561 1199 1588 nostrae

334 1605 451 1626 cursum
471 1605 553 1633 comp
567 1597 681 1634 entitur,
708 1607 726 1626 a
745 1598 886 1635 principio
908 1597 984 1633 quod
1004 1607 1082 1626 nunc
1104 1596 1198 1626 cerni-

334 1638 384 1664 tur
403 1634 433 1663 in
453 1637 547 1664 terra:
577 1644 669 1673 usque
694 1635 730 1665 ad
754 1637 852 1672 finem,
879 1644 967 1674 quem
992 1644 1143 1674 speramus
1167 1635 1198 1663 in

334 1672 423 1703 coelo.
464 1671 526 1702 Sibi
546 1682 616 1710 ergo
641 1677 790 1703 aeternam
814 1673 937 1712 gloriam
958 1683 975 1703 a
995 1674 1122 1712 gratuito
1142 1673 1199 1702 Dei

334 1710 434 1740 favore
453 1710 598 1748 promittit
617 1711 730 1746 David,
756 1722 817 1740 non
836 1715 936 1741 tamen
956 1712 1085 1741 excludit
1112 1712 1198 1740 bene-

335 1747 477 1778 dictiones
496 1749 601 1786 quibus
620 1749 653 1778 in
676 1754 753 1780 terre
771 1760 840 1780 euos
865 1751 1057 1788 prosequitur,
1088 1755 1120 1780 ut
1146 1750 1199 1779 ali-

334 1795 423 1824 quam
443 1787 590 1817 felicitatis
608 1790 723 1825 partem
743 1788 803 1818 iam
822 1788 959 1818 delibant.

411 1863 457 1893 25.
487 1863 557 1900 Quis
579 1863 651 1894 nebi
669 1865 702 1894 in
719 1865 814 1895 coelo?
839 1867 865 1894 d
883 1865 1004 1905 munst)
1029 1873 1085 1895 non
1107 1865 1200 1902 optavi

334 1902 364 1932 in
384 1903 467 1932 terra.
506 1901 554 1931 26.
583 1901 693 1939 Defecit
712 1911 776 1932 caro
795 1911 858 1932 mea
876 1906 901 1934 et
918 1912 966 1934 cor
983 1912 1088 1934 mem:
1115 1902 1200 1933 robur

333 1939 428 1970 cordis
442 1940 507 1977 mei,
522 1942 546 1968 el
556 1941 651 1977 portio
665 1951 728 1970 mea
743 1940 823 1970 Deus
838 1942 870 1970 in
885 1942 1033 1972 sacculum.
1061 1942 1107 1970 27.
1126 1941 1200 1978 Quia

333 1986 398 2013 eece,
418 1979 467 2015 φη·
481 1978 627 2009 discedunt
643 1979 694 2009 abs
708 1982 742 2015 te,
756 1979 907 2016 peribunt.-
922 1980 1075 2017 perdidisti
1095 1988 1200 2009 omnem

333 2016 519 2054 fornicantem
537 2016 588 2047 abs
607 2018 678 2047 test*
729 2017 774 2047 28.
799 2017 938 2055 Quantum
964 2018 1002 2048 aa
1018 2026 1070 2055 mc,
1096 2026 1198 2055 appro-

327 2055 472 2122 fflqucre
491 2055 560 2091 Deo,
580 2055 651 2085 mihi
687 2064 771 2086 onum
789 2058 844 2085 eet.-
859 2056 944 2094 posui
962 2056 994 2086 iu
1015 2056 1135 2086 Domino
1155 2056 1200 2086 Ie-

385 2102 404 2122 a
421 2101 498 2130 spem
517 2102 614 2130 meam,
631 2097 662 2123 ut
680 2103 807 2124 enarrem
827 2095 922 2124 omnia
941 2103 1027 2131 opera
1045 2097 1102 2124 tua.

409 2169 455 2198 25.
482 2168 569 2209 (Quis
592 2169 663 2200 mihi
681 2171 713 2200 in
731 2170 836 2210 σοεέοὲ)
876 2170 991 2201 Clarius
1017 2171 1198 2202 demonstrat

333 2212 475 2244 quantum
505 2207 658 2244 profecerit
688 2209 718 2237 in
744 2210 910 2238 sanctuario
938 2209 1007 2238 Dei:
1038 2211 1105 2248 quia
1135 2211 1198 2247 ipso

334 2254 393 2275 uno
412 2249 581 2282 contentus,
626 2255 796 2284 uaecunqne
822 2257 853 2276 ee
872 2251 988 2285 praeter
1013 2247 1109 2287 ipsum
1129 2249 1198 2278 uffe-

333 2287 412 2320 runt,
439 2283 559 2314 reiiciat.
626 2289 654 2314 st
680 2284 796 2322 quidem
821 2285 886 2315 aliis
907 2285 1015 2324 linguis
1034 2295 1137 2325 aspera
1155 2286 1198 2316 lo-

333 2320 443 2358 quendi
466 2322 560 2351 forma
582 2332 639 2360 qua
658 2323 758 2358 utitur,
783 2324 835 2353 sed
854 2323 999 2354 Hebraeis
1024 2325 1100 2360 trita,
1128 2325 1198 2355 dum

332 2359 523 2398 interrogatio
539 2365 569 2390 et
584 2361 740 2390 affirmatio
756 2361 842 2391 eimul
858 2363 1029 2400 iunguntur.
1059 2363 1094 2392 In
1109 2373 1198 2392 sensu

333 2397 448 2442 quidem
467 2398 548 2427 nulla
560 2403 603 2428 est
616 2399 799 2438 ambiguitas,
817 2399 959 2430 Davidem
974 2405 1091 2440 praeter
1101 2401 1198 2431 Deum

333 2436 408 2465 nihil
429 2446 461 2465 m
479 2437 560 2467 coelo
579 2437 624 2468 vel
645 2438 676 2466 in
695 2442 774 2468 terra
793 2442 938 2476 appetere,
957 2443 988 2470 et
1005 2439 1056 2470 illo
1076 2442 1198 2478 excepto

411 2528 424 2540 ο
728 2536 733 2543 .

396 2528 437 2589 ”3
452 2529 954 2592 :ztoizsswd'o‘am‘ffiaeqaefflssrssst
969 2569 1000 2586 en
1016 2564 1041 2586 te
1057 2561 1196 2586 dehiseunt.

1037 364 1230 396 PSALMUS
1250 365 1399 396 LXXIII.

2051 366 2111 397 688

1244 450 1351 479 foetere
1382 459 1570 487 quaeeunque
1599 449 1733 479 homines
1763 449 1799 478 ad
1828 459 1860 480 ee
1886 449 2028 480 alliciunt.
2068 451 2113 480 nt

1243 493 1323 518 certe
1344 493 1414 518 tunc
1433 487 1551 518 demum
1576 497 1660 518 auam
1679 487 1756 526 apud
1777 497 1831 518 uos
1847 487 1973 533 gloriam
1996 488 2112 518 obtinet

1244 526 1333 561 Deus.
1354 527 1380 555 si
1399 526 1456 556 huc
1476 530 1506 555 et
1522 525 1592 556 illuc
1612 535 1671 555 non
1691 527 1932 561 circumferimur,
1961 526 2010 556 sed
2030 536 2112 557 unus

1244 566 1307 602 ipse
1333 565 1415 594 nobie
1436 564 1553 594 sufficit.
1592 564 1679 600 Quod
1699 565 1724 594 si
1743 565 1790 594 vel
1816 565 1968 594 minimam
1995 569 2111 602 partem

1245 603 1367 633 affectus
1388 602 1480 632 nostri
1502 601 1663 632 addicimus
1688 602 1843 637 creaturis.
1870 606 1991 632 eatenus
2010 603 2113 633 Deum

1244 640 1415 670 fraudamus
1435 640 1532 670 debito
1552 640 1670 670 honore.
1705 641 1745 670 Et
1765 644 1861 670 tamen
1880 640 1936 670 hoc
1955 641 2112 680 sacrilegio

1245 679 1321 708 nihil
1339 680 1431 716 magis
1453 679 1574 716 vulgare
1595 679 1651 708 fuit
1670 679 1804 708 omnibus
1823 679 1956 714 saeculis,
1982 687 2035 709 nec
2056 680 2113 709 ho·

1246 717 1293 747 die
1313 723 1364 748 est.
1405 717 1520 754 Quotus
1538 718 1617 746 enim
1636 718 1760 754 quisque
1786 726 1889 747 aeneus
1909 726 1977 747 suos
1995 717 2027 747 in
2047 718 2113 748 eolo

1245 756 1309 785 Deo
1326 755 1453 785 inclusos
1474 755 1574 784 tenet?
1604 755 1749 784 Videmus
1774 764 1863 792 quam
1884 755 1994 786 multos
2012 755 2041 785 ei
2060 765 2114 786 eo·

1246 795 1332 823 mites
1351 793 1492 830 adiungat
1510 794 1688 830 superstitio,
1708 794 1841 830 quamvis
1861 795 1939 822 enim
1959 794 2114 824 fateantur

1246 832 1377 869 papietae
1401 842 1419 862 a
1438 831 1502 861 Deo
1528 831 1655 869 pendere
1683 832 1797 866 omnia.
1826 832 1980 862 innumera
2009 836 2114 862 tamen

1246 870 1301 900 sibi
1328 870 1396 900 hinc
1426 869 1494 899 inde
1521 869 1651 899 subsidia
1680 873 1839 900 accersunt.
1886 870 1945 900 Alii
1971 870 2115 908 superbia

1246 909 1350 945 inflati,
1371 908 1417 938 vel
1438 918 1469 938 ee
1489 908 1535 937 vel
1556 907 1628 937 elice
1652 907 1784 937 hominos
1811 909 1902 938 eocioe
1923 909 1986 937 Deo
2011 909 2117 938 obtru-

1246 947 1334 982 dunt,
1364 957 1419 984 quo
1446 946 1615 984 diligentius
1643 946 1770 976 notanda
1800 950 1843 976 eet
1868 946 1939 976 baec
1966 946 2114 983 doctrina,

1246 985 1329 1014 nobie
1360 985 1405 1014 fas
1436 993 1494 1014 non
1526 993 1590 1014 ecee
1621 993 1793 1022 quemquam
1829 988 1964 1022 appetere
1994 990 2117 1022 praeter

1246 1023 1352 1052 Deum.
1392 1023 1569 1060 Quanquam
1590 1028 1684 1051 antem
1704 1023 1774 1052 coeli
1791 1025 1816 1051 et
1834 1024 1925 1052 temne
1945 1023 2116 1053 nominibus

1248 1061 1382 1099 designat
1401 1060 1542 1098 quidquid
1562 1061 1717 1098 imaginari
1742 1065 1866 1098 possunt
1892 1061 2039 1097 homines,
2065 1062 2115 1091 vi-

1248 1099 1333 1128 detur
1350 1104 1447 1129 tamen
1464 1099 1535 1128 duas
1551 1099 1662 1137 species
1679 1099 1813 1128 distincte
1831 1104 1941 1135 notare,
1962 1101 2116 1130 neminem

1247 1147 1317 1176 ergo
1343 1147 1374 1167 se
1401 1142 1515 1175 praeter
1543 1137 1638 1166 Deum
1667 1138 1699 1166 in
1725 1137 1804 1167 coelo
1834 1146 1973 1174 quaerere
2002 1137 2116 1175 diceus,

1247 1176 1382 1213 repudiat
1408 1185 1508 1204 omnes
1534 1176 1652 1205 fictitius
1673 1175 1741 1204 deos
1761 1176 1866 1213 quibus
1886 1175 1999 1205 eoelum
2018 1177 2117 1214 replet

1248 1214 1417 1244 communie*
1429 1213 1529 1243 mundi
1551 1223 1631 1243 error
1651 1223 1684 1243 ac
1700 1214 1833 1243 stultitia.
1864 1213 1950 1250 Quod
1970 1220 2060 1252 negat
2078 1224 2116 1244 ee

1247 1261 1423 1290 quemquam
1444 1257 1544 1290 optare
1559 1252 1590 1281 iu
1608 1256 1699 1282 terra:
1718 1252 1813 1282 refero
1832 1251 1870 1282 ad
1888 1251 2025 1290 fallacias,
2046 1252 2114 1290 qui-

1246 1291 1301 1320 bus
1323 1294 1401 1319 totus
1421 1291 1480 1319 fere
1499 1291 1627 1319 mundus
1643 1299 1676 1319 ee
1691 1291 1824 1319 inebriat.
1855 1290 1932 1319 Nam
1948 1291 1999 1328 qui
2013 1291 2115 1328 priore

1247 1329 1297 1358 illo
1319 1329 1448 1359 Satanae
1474 1329 1595 1357 artificio
1621 1338 1679 1358 nou
1706 1329 1856 1364 falluntur,
1883 1332 1918 1357 ut
1939 1329 1994 1358 sibi
2020 1329 2116 1359 falsos

1246 1366 1315 1397 deos
1341 1366 1497 1397 fabricent:
1526 1366 1574 1396 vel
1601 1366 1770 1405 arrogantia
1797 1377 1828 1397 se
1855 1366 2009 1404 decipiunt,
2039 1366 2114 1397 dum

1246 1415 1300 1435 sua
1325 1405 1483 1442 industria,
1514 1410 1565 1434 aut
1592 1405 1714 1440 virtute,
1743 1409 1793 1434 aut
1818 1405 1974 1442 prudentia
1999 1406 2114 1439 confici,

1246 1448 1391 1480 usurpant
1415 1443 1491 1480 quod
1510 1443 1569 1472 Dei
1594 1443 1743 1480 proprium
1769 1446 1827 1472 est:
1855 1443 1901 1472 vel
1927 1452 1957 1472 ee
1978 1443 2114 1473 inescant

1247 1482 1396 1512 fallacibus
1422 1481 1580 1518 illecebris,
1608 1481 1676 1511 dum
1702 1481 1876 1512 recumbunt
1901 1481 1933 1510 in
1956 1481 2114 1512 hominum

1246 1521 1383 1554 favorem,
1403 1519 1449 1550 vel
1471 1519 1531 1549 suis
1547 1519 1649 1557 opibus
1668 1519 1790 1557 aliisque
1809 1519 1946 1549 subsidiis
1965 1520 2112 1550 nituntur.

1246 1559 1328 1588 Haeo
1354 1558 1444 1596 igitur
1464 1567 1524 1587 una
1544 1562 1588 1586 eet
1611 1558 1767 1594 quaerendi
1789 1558 1844 1587 Dei
1870 1559 1952 1593 ratio,
1978 1558 2030 1587 ubi
2050 1567 2114 1587 non

1246 1597 1446 1626 abstrahimur
1473 1605 1526 1633 per
1551 1596 1649 1626 varios
1677 1597 1832 1633 circuitus,
1861 1600 1891 1625 et
1920 1596 2002 1626 exuti
2028 1598 2115 1626 omni

1246 1635 1451 1674 superstitione
1472 1641 1503 1663 et
1517 1634 1661 1672 superbia,
1683 1634 1718 1664 ad
1735 1634 1832 1664 Deum
1852 1643 1943 1664 unum
1961 1643 2014 1664 nos
2029 1639 2115 1664 reeta

1246 1673 1430 1704 senserimus.
1475 1673 1551 1702 Nam
1578 1673 1720 1710 particula
1745 1673 1830 1708 haec.
1861 1675 1948 1702 tecum
1974 1673 2116 1702 neminem

1245 1712 1335 1747 volui,
1364 1711 1537 1740 tantundem
1555 1711 1636 1740 valet
1656 1720 1690 1740 ac
1709 1712 1734 1740 si
1755 1711 1890 1740 dixisset:
1916 1710 1994 1747 Quia
2013 1714 2044 1740 te
2062 1720 2117 1740 oo-

1246 1750 1335 1788 gnovi
1355 1758 1447 1779 unum
1467 1749 1538 1778 mihi
1558 1751 1629 1778 satis
1652 1758 1798 1787 superque
1824 1758 1901 1786 esee,
1927 1757 1987 1778 non
2013 1749 2116 1787 rapior

1246 1791 1313 1826 poet
1333 1788 1430 1817 varice
1455 1787 1614 1824 appetitus,
1639 1787 1689 1816 sed
1713 1787 1745 1816 in
1772 1791 1800 1816 te
1818 1787 1978 1824 aoquiesoo.
2018 1787 2123 1817 Ροπσ

1246 1830 1279 1854 ut
1294 1826 1358 1855 Deo
1374 1835 1435 1854 uno
1451 1826 1602 1861 satiemur,
1617 1834 1722 1862 operae
1738 1826 1863 1863 pretium
1879 1829 1924 1854 eet
1938 1834 2117 1863 eognoeeere

1246 1873 1332 1902 quam
1353 1863 1492 1894 bonorum
1512 1863 1723 1901 plenitudinem
1743 1863 1827 1894 nobis
1847 1863 1958 1893 offerat.

1323 1902 1369 1932 26.
1391 1901 1510 1940 (Defecit
1528 1910 1594 1931 caro
1612 1901 1693 1940 mea.)
1725 1901 1857 1932 Priorem
1877 1906 1993 1939 partem
2008 1909 2117 1931 verene

1247 1942 1289 1970 ita
1314 1940 1432 1978 quidam
1458 1940 1615 1977 accipiunt¹
1645 1940 1723 1977 quod
1749 1949 1820 1977 prae
1845 1939 1982 1969 desiderii
2005 1938 2117 1970 ardore

1246 1979 1383 2009 defecerit
1403 1987 1453 2008 cor
1472 1983 1501 2008 et
1521 1987 1588 2007 earo
1609 1978 1749 2008 Davidis:
1768 1983 1854 2016 atque
1873 1979 1916 2008 ita
1936 1976 2035 2008 testari
2051 1986 2116 2016 pu—

1248 2022 1312 2047 tant
1332 2026 1419 2054 quam
1439 2016 1514 2046 serio
1535 2016 1570 2046 ad
1593 2015 1690 2045 Deum
1709 2025 1813 2046 aeneus
1832 2025 1900 2046 suos
1927 2015 2116 2054 applicuerit.

1246 2056 1422 2093 Quanquam
1451 2058 1547 2084 autem
1578 2054 1681 2083 aimilie
1712 2054 1781 2084 alibi
1809 2054 1941 2092 loquutio
1968 2058 2116 2091 occurret,

1246 2094 1362 2123 videtur
1383 2097 1480 2122 tamen
1499 2092 1588 2121 alium
1610 2101 1728 2122 sensnm
1743 2093 1863 2130 exigere
1879 2092 1955 2130 quod
1971 2092 2116 2122 continuo

1224 2143 1225 2147 ¹
1246 2136 1312 2170 post
1332 2131 1456 2166 additur,
1478 2130 1624 2160 Fortitudo
1642 2131 1734 2161 cordis
1754 2131 1809 2160 mei
1827 2129 1975 2160 Βωκὺιω.
2006 2129 2116 2161 Poen-

1246 2170 1405 2200 antithesin
1430 2178 1492 2199 eeee
1512 2169 1636 2198 arbitror
1655 2169 1733 2198 inter
1752 2169 1896 2198 defectum
1922 2177 2007 2206 quem
2026 2169 2059 2198 in
2081 2178 2116 2199 ee

1244 2208 1342 2238 David
1369 2207 1524 2244 sentiebat,
1551 2211 1581 2236 et
1599 2207 1688 2237 robur
1708 2207 1848 2237 divinitus
1874 2207 1900 2236 ei
1921 2215 1975 2244 sug
1995 2211 2116 2237 utum:

1246 2257 1278 2276 ac
1298 2247 1323 2276 si
1342 2246 1465 2276 diceret:
1493 2245 1635 2282 Quamvis
1654 2255 1672 2275 a
1692 2245 1756 2275 Deo
1774 2249 1925 2283 separatus
1948 2244 1980 2274 ni
2003 2244 2025 2274 'l
2043 2245 2116 2280 eim.

1246 2285 1403 2323 omniaque
1428 2292 1492 2313 mea
1511 2284 1540 2312 in
1561 2283 1686 2312 nihilum
1707 2283 1845 2319 recidant,
1866 2283 1988 2313 veniens
2008 2285 2115 2314 nmen

1244 2323 1282 2354 ad
1301 2331 1376 2358 eum,
1405 2322 1517 2359 reperio
1542 2321 1602 2351 illic
1622 2321 1738 2358 plenam
1763 2321 1972 2351 fortitudinem.
2012 2321 2117 2358 Atque

1245 2363 1301 2391 hoc
1321 2371 1339 2390 a
1360 2360 1453 2398 prime
1478 2360 1671 2390 necessarium
1693 2364 1745 2396 est,
1771 2364 1908 2405 reputare
1927 2359 1996 2398 quid
2017 2359 2115 2390 simus

1244 2401 1307 2430 siue
1354 2407 1403 2428 eo:
1423 2398 1492 2437 quia
1510 2407 1595 2427 nemo
1617 2407 1647 2427 se
1664 2407 1782 2435 prorsus
1802 2408 1833 2428 m
1850 2398 1946 2428 Deum
1966 2398 2116 2435 conficiet,

1244 2439 1302 2468 nisi
1327 2437 1376 2475 qui
1401 2446 1432 2466 se
1453 2436 1574 2466 deficere
1601 2437 1741 2471 sentiens,
1773 2437 1807 2466 de
1834 2437 1893 2465 suis
1920 2435 2116 2467 facultatibus

1244 2477 1387 2521 desperat.
1431 2474 1533 2512 Neque
1560 2475 1637 2504 enim
1664 2485 1683 2504 a
1707 2474 1772 2504 Deo
1798 2474 1924 2512 petimus
1950 2474 2007 2504 nisi
2032 2475 2115 2512 quod

1244 2515 1328 2545 nobis
1343 2513 1424 2543 intua
1439 2512 1528 2543 deest.
1553 2514 1645 2550 Atque
1658 2513 1713 2542 hoc
1727 2512 1845 2550 quidem
1857 2512 1989 2542 fatentur
1997 2521 2115 2551 omnee,

1244 2559 1275 2584 et
1293 2552 1387 2582 maior
1406 2560 1474 2589 pare
1492 2551 1627 2581 sufficere
1652 2554 1743 2588 putat.
1770 2551 1795 2580 si
1816 2551 2015 2580 infirmitatem
2041 2551 2116 2582 sub-
