<?xml version="1.0" encoding="UTF-8"?>
<!DOCTYPE html PUBLIC "-//W3C//DTD XHTML 1.0 Transitional//EN"
    "http://www.w3.org/TR/xhtml1/DTD/xhtml1-transitional.dtd">
<html xmlns="http://www.w3.org/1999/xhtml" xml:lang="en" lang="en">
 <head>
  <title>
</title>
<meta http-equiv="Content-Type" content="text/html;charset=utf-8" />
  <meta name='ocr-system' content='tesseract 3.04.00' />
  <meta name='ocr-capabilities' content='ocr_page ocr_carea ocr_par ocr_line ocrx_word'/>
</head>
<body>
  <div class='ocr_page' id='page_1' title='image "./ioanniscalvinio12calvgoog_0384.png"; bbox 0 0 2396 3041; ppageno 0'>
   <div class='ocr_carea' id='block_1_1' title="bbox 282 345 2065 379">
    <p class='ocr_par' dir='ltr' id='par_1_1' title="bbox 282 345 2065 379">
     <span class='ocr_line' id='line_1_1' title="bbox 282 345 2065 379; baseline 0.003 -5"><span class='ocrx_word' id='word_1_1' title='bbox 282 345 320 375; x_wconf 79' lang='lat'>89</span> <span class='ocrx_word' id='word_1_2' title='bbox 1029 347 1224 378; x_wconf 78' lang='lat' dir='ltr'>PSALMUS</span> <span class='ocrx_word' id='word_1_3' title='bbox 1243 347 1324 376; x_wconf 69' lang='lat' dir='ltr'>clv,</span> <span class='ocrx_word' id='word_1_4' title='bbox 2025 349 2065 379; x_wconf 76' lang='lat'>90</span> 
     </span>
    </p>
   </div>
   <div class='ocr_carea' id='block_1_2' title="bbox 281 430 1155 2571">
    <p class='ocr_par' dir='ltr' id='par_1_2' title="bbox 281 430 1155 1874">
     <span class='ocr_line' id='line_1_2' title="bbox 284 430 1154 469; baseline 0 -9"><span class='ocrx_word' id='word_1_5' title='bbox 284 434 334 460; x_wconf 80' lang='lat' dir='ltr'>snt</span> <span class='ocrx_word' id='word_1_6' title='bbox 355 430 486 468; x_wconf 70' lang='lat' dir='ltr'>flumina,</span> <span class='ocrx_word' id='word_1_7' title='bbox 505 430 558 460; x_wconf 82' lang='lat' dir='ltr'>sed</span> <span class='ocrx_word' id='word_1_8' title='bbox 576 430 684 461; x_wconf 75' lang='lat' dir='ltr'>rectius</span> <span class='ocrx_word' id='word_1_9' title='bbox 705 435 748 461; x_wconf 84' lang='lat' dir='ltr'>est</span> <span class='ocrx_word' id='word_1_10' title='bbox 763 431 840 469; x_wconf 83' lang='lat' dir='ltr'>quod</span> <span class='ocrx_word' id='word_1_11' title='bbox 859 431 954 469; x_wconf 84' lang='lat' dir='ltr'>posui.</span> <span class='ocrx_word' id='word_1_12' title='bbox 985 431 1051 469; x_wconf 82' lang='lat' dir='ltr'>Quo</span> <span class='ocrx_word' id='word_1_13' title='bbox 1066 431 1154 461; x_wconf 86' lang='lat' dir='ltr'>etiam</span> 
     </span>
     <span class='ocr_line' id='line_1_3' title="bbox 285 469 1155 506; baseline 0.001 -8"><span class='ocrx_word' id='word_1_14' title='bbox 285 478 374 499; x_wconf 80' lang='lat' dir='ltr'>sensu</span> <span class='ocrx_word' id='word_1_15' title='bbox 401 469 540 498; x_wconf 80' lang='lat' dir='ltr'>continno</span> <span class='ocrx_word' id='word_1_16' title='bbox 569 473 634 506; x_wconf 86' lang='lat' dir='ltr'>post</span> <span class='ocrx_word' id='word_1_17' title='bbox 663 469 796 504; x_wconf 79' lang='lat' dir='ltr'>additur,</span> <span class='ocrx_word' id='word_1_18' title='bbox 830 470 902 499; x_wconf 59' lang='lat' dir='ltr'>iuer</span> <span class='ocrx_word' id='word_1_19' title='bbox 931 472 1033 499; x_wconf 69' lang='lat' dir='ltr'>montes</span> <span class='ocrx_word' id='word_1_20' title='bbox 1059 470 1155 506; x_wconf 74' lang='lat' dir='ltr'>fluere,</span> 
     </span>
     <span class='ocr_line' id='line_1_4' title="bbox 285 507 1154 545; baseline 0 -9"><span class='ocrx_word' id='word_1_21' title='bbox 285 516 377 544; x_wconf 81' lang='lat' dir='ltr'>quum</span> <span class='ocrx_word' id='word_1_22' title='bbox 395 511 493 536; x_wconf 76' lang='lat' dir='ltr'>tamen</span> <span class='ocrx_word' id='word_1_23' title='bbox 513 507 567 536; x_wconf 81' lang='lat' dir='ltr'>vix</span> <span class='ocrx_word' id='word_1_24' title='bbox 587 507 724 536; x_wconf 74' lang='lat' dir='ltr'><strong>credibile</strong></span> <span class='ocrx_word' id='word_1_25' title='bbox 743 508 781 536; x_wconf 85' lang='lat' dir='ltr'>sit</span> <span class='ocrx_word' id='word_1_26' title='bbox 801 518 838 537; x_wconf 81' lang='lat' dir='ltr'>ex</span> <span class='ocrx_word' id='word_1_27' title='bbox 858 508 979 545; x_wconf 83' lang='lat' dir='ltr'>rupibus</span> <span class='ocrx_word' id='word_1_28' title='bbox 999 513 1030 537; x_wconf 86' lang='lat' dir='ltr'>et</span> <span class='ocrx_word' id='word_1_29' title='bbox 1044 508 1154 545; x_wconf 80' lang='lat' dir='ltr'>lapido-</span> 
     </span>
     <span class='ocr_line' id='line_1_5' title="bbox 285 544 1155 583; baseline 0 -8"><span class='ocrx_word' id='word_1_30' title='bbox 285 546 326 576; x_wconf 85' lang='lat' dir='ltr'>sis</span> <span class='ocrx_word' id='word_1_31' title='bbox 344 544 415 575; x_wconf 80' lang='lat' dir='ltr'>loeis</span> <span class='ocrx_word' id='word_1_32' title='bbox 443 555 526 583; x_wconf 84' lang='lat' dir='ltr'>posse</span> <span class='ocrx_word' id='word_1_33' title='bbox 551 546 622 575; x_wconf 78' lang='lat' dir='ltr'>oriri</span> <span class='ocrx_word' id='word_1_34' title='bbox 649 546 753 575; x_wconf 76' lang='lat' dir='ltr'>fontes.</span> <span class='ocrx_word' id='word_1_35' title='bbox 794 545 953 582; x_wconf 71' lang='lat' dir='ltr'><strong>Quaeritur</strong></span> <span class='ocrx_word' id='word_1_36' title='bbox 981 551 1077 576; x_wconf 84' lang='lat' dir='ltr'>tamen</span> <span class='ocrx_word' id='word_1_37' title='bbox 1103 556 1155 576; x_wconf 82' lang='lat' dir='ltr'>cur</span> 
     </span>
     <span class='ocr_line' id='line_1_6' title="bbox 284 583 1155 624; baseline 0.001 -11"><span class='ocrx_word' id='word_1_38' title='bbox 284 583 422 624; x_wconf 55' lang='lat' dir='ltr'>animalia</span> <span class='ocrx_word' id='word_1_39' title='bbox 439 584 504 622; x_wconf 62' lang='lat' dir='ltr'>aori</span> <span class='ocrx_word' id='word_1_40' title='bbox 524 584 620 620; x_wconf 77' lang='lat' dir='ltr'>potius</span> <span class='ocrx_word' id='word_1_41' title='bbox 642 583 718 613; x_wconf 70' lang='lat' dir='ltr'>dieat</span> <span class='ocrx_word' id='word_1_42' title='bbox 738 583 880 621; x_wconf 76' lang='lat' dir='ltr'>propheta</span> <span class='ocrx_word' id='word_1_43' title='bbox 904 584 983 614; x_wconf 69' lang='lat' dir='ltr'>sitim</span> <span class='ocrx_word' id='word_1_44' title='bbox 1007 593 1090 614; x_wconf 71' lang='lat' dir='ltr'>sumn</span> <span class='ocrx_word' id='word_1_45' title='bbox 1114 593 1155 614; x_wconf 74' lang='lat' dir='ltr'>re-</span> 
     </span>
     <span class='ocr_line' id='line_1_7' title="bbox 284 622 1154 659; baseline -0.001 -8"><span class='ocrx_word' id='word_1_46' title='bbox 284 622 432 659; x_wconf 60' lang='lat' dir='ltr'>samm,</span> <span class='ocrx_word' id='word_1_47' title='bbox 452 631 539 659; x_wconf 83' lang='lat' dir='ltr'>quam</span> <span class='ocrx_word' id='word_1_48' title='bbox 550 622 692 657; x_wconf 80' lang='lat' dir='ltr'>homines,</span> <span class='ocrx_word' id='word_1_49' title='bbox 712 631 837 659; x_wconf 78' lang='lat' dir='ltr'>querum</span> <span class='ocrx_word' id='word_1_50' title='bbox 856 623 950 659; x_wconf 76' lang='lat' dir='ltr'>gratia</span> <span class='ocrx_word' id='word_1_51' title='bbox 967 623 1100 652; x_wconf 85' lang='lat' dir='ltr'>conditus</span> <span class='ocrx_word' id='word_1_52' title='bbox 1110 626 1154 652; x_wconf 81' lang='lat' dir='ltr'>est</span> 
     </span>
     <span class='ocr_line' id='line_1_8' title="bbox 285 659 1154 698; baseline 0 -8"><span class='ocrx_word' id='word_1_53' title='bbox 285 659 420 690; x_wconf 82' lang='lat' dir='ltr'>mundns.</span> <span class='ocrx_word' id='word_1_54' title='bbox 451 660 529 690; x_wconf 77' lang='lat' dir='ltr'>Mihi</span> <span class='ocrx_word' id='word_1_55' title='bbox 550 669 608 689; x_wconf 87' lang='lat' dir='ltr'>non</span> <span class='ocrx_word' id='word_1_56' title='bbox 628 659 749 689; x_wconf 85' lang='lat' dir='ltr'>dubium</span> <span class='ocrx_word' id='word_1_57' title='bbox 765 665 810 690; x_wconf 82' lang='lat' dir='ltr'>est</span> <span class='ocrx_word' id='word_1_58' title='bbox 829 660 899 698; x_wconf 84' lang='lat' dir='ltr'>quin</span> <span class='ocrx_word' id='word_1_59' title='bbox 918 660 954 690; x_wconf 88' lang='lat' dir='ltr'>ad</span> <span class='ocrx_word' id='word_1_60' title='bbox 975 661 1154 698; x_wconf 76' lang='lat' dir='ltr'>amplifican-</span> 
     </span>
     <span class='ocr_line' id='line_1_9' title="bbox 285 697 1154 737; baseline 0.001 -10"><span class='ocrx_word' id='word_1_61' title='bbox 285 697 352 728; x_wconf 82' lang='lat' dir='ltr'>dam</span> <span class='ocrx_word' id='word_1_62' title='bbox 371 697 429 727; x_wconf 82' lang='lat' dir='ltr'>Dei</span> <span class='ocrx_word' id='word_1_63' title='bbox 448 698 574 736; x_wconf 73' lang='lat' dir='ltr'>gretiam</span> <span class='ocrx_word' id='word_1_64' title='bbox 600 698 642 727; x_wconf 84' lang='lat' dir='ltr'>ita</span> <span class='ocrx_word' id='word_1_65' title='bbox 667 697 803 735; x_wconf 74' lang='lat' dir='ltr'>loquutus</span> <span class='ocrx_word' id='word_1_66' title='bbox 829 699 869 727; x_wconf 88' lang='lat' dir='ltr'>sit</span> <span class='ocrx_word' id='word_1_67' title='bbox 894 700 1051 736; x_wconf 82' lang='lat' dir='ltr'>propbeta,</span> <span class='ocrx_word' id='word_1_68' title='bbox 1079 698 1154 737; x_wconf 83' lang='lat' dir='ltr'>quod</span> 
     </span>
     <span class='ocr_line' id='line_1_10' title="bbox 285 736 1154 775; baseline 0 -9"><span class='ocrx_word' id='word_1_69' title='bbox 285 746 368 766; x_wconf 84' lang='lat' dir='ltr'>snam</span> <span class='ocrx_word' id='word_1_70' title='bbox 394 746 494 766; x_wconf 82' lang='lat' dir='ltr'>curam</span> <span class='ocrx_word' id='word_1_71' title='bbox 520 737 557 764; x_wconf 83' lang='lat' dir='ltr'>ad</span> <span class='ocrx_word' id='word_1_72' title='bbox 585 736 669 764; x_wconf 82' lang='lat' dir='ltr'>bruta</span> <span class='ocrx_word' id='word_1_73' title='bbox 694 746 799 773; x_wconf 75' lang='lat' dir='ltr'>pecora</span> <span class='ocrx_word' id='word_1_74' title='bbox 824 737 981 766; x_wconf 76' lang='lat' dir='ltr'><strong>extendere</strong></span> <span class='ocrx_word' id='word_1_75' title='bbox 1007 738 1154 775; x_wconf 78' lang='lat' dir='ltr'>dignatur,</span> 
     </span>
     <span class='ocr_line' id='line_1_11' title="bbox 284 774 1155 812; baseline 0 -8"><span class='ocrx_word' id='word_1_76' title='bbox 284 775 343 804; x_wconf 83' lang='lat' dir='ltr'>imo</span> <span class='ocrx_word' id='word_1_77' title='bbox 363 783 453 812; x_wconf 80' lang='lat' dir='ltr'>nsque</span> <span class='ocrx_word' id='word_1_78' title='bbox 473 774 510 804; x_wconf 81' lang='lat' dir='ltr'>ad</span> <span class='ocrx_word' id='word_1_79' title='bbox 530 783 664 812; x_wconf 74' lang='lat' dir='ltr'>onnyros:</span> <span class='ocrx_word' id='word_1_80' title='bbox 684 774 738 804; x_wconf 87' lang='lat' dir='ltr'>snb</span> <span class='ocrx_word' id='word_1_81' title='bbox 758 783 815 812; x_wconf 85' lang='lat' dir='ltr'>qua</span> <span class='ocrx_word' id='word_1_82' title='bbox 831 775 926 812; x_wconf 80' lang='lat' dir='ltr'>specie</span> <span class='ocrx_word' id='word_1_83' title='bbox 945 775 1096 804; x_wconf 77' lang='lat' dir='ltr'>silvestres</span> <span class='ocrx_word' id='word_1_84' title='bbox 1115 775 1155 805; x_wconf 80' lang='lat' dir='ltr'>fc-</span> 
     </span>
     <span class='ocr_line' id='line_1_12' title="bbox 285 812 1154 850; baseline 0 -8"><span class='ocrx_word' id='word_1_85' title='bbox 285 821 332 842; x_wconf 79' lang='lat' dir='ltr'>ras</span> <span class='ocrx_word' id='word_1_86' title='bbox 363 812 503 850; x_wconf 79' lang='lat' dir='ltr'>designat.</span> <span class='ocrx_word' id='word_1_87' title='bbox 549 813 589 842; x_wconf 88' lang='lat' dir='ltr'>Et</span> <span class='ocrx_word' id='word_1_88' title='bbox 616 812 756 850; x_wconf 76' lang='lat' dir='ltr'>propheta</span> <span class='ocrx_word' id='word_1_89' title='bbox 787 812 918 843; x_wconf 81' lang='lat' dir='ltr'>consulto</span> <span class='ocrx_word' id='word_1_90' title='bbox 947 813 1063 843; x_wconf 77' lang='lat' dir='ltr'>deserta</span> <span class='ocrx_word' id='word_1_91' title='bbox 1090 813 1154 843; x_wconf 86' lang='lat' dir='ltr'>loca</span> 
     </span>
     <span class='ocr_line' id='line_1_13' title="bbox 285 851 1155 888; baseline 0 -8"><span class='ocrx_word' id='word_1_92' title='bbox 285 856 502 886; x_wconf 68' lang='lat' dir='ltr'><strong>commemorat,</strong></span> <span class='ocrx_word' id='word_1_93' title='bbox 519 854 551 879; x_wconf 88' lang='lat' dir='ltr'>nt</span> <span class='ocrx_word' id='word_1_94' title='bbox 567 851 690 888; x_wconf 82' lang='lat' dir='ltr'>quisque</span> <span class='ocrx_word' id='word_1_95' title='bbox 706 856 838 880; x_wconf 83' lang='lat' dir='ltr'>nostrum</span> <span class='ocrx_word' id='word_1_96' title='bbox 855 851 959 880; x_wconf 87' lang='lat' dir='ltr'>deinde</span> <span class='ocrx_word' id='word_1_97' title='bbox 974 852 1155 881; x_wconf 76' lang='lat' dir='ltr'>amoeniores</span> 
     </span>
     <span class='ocr_line' id='line_1_14' title="bbox 285 889 1155 926; baseline 0.001 -8"><span class='ocrx_word' id='word_1_98' title='bbox 285 894 380 919; x_wconf 74' lang='lat' dir='ltr'>terrae</span> <span class='ocrx_word' id='word_1_99' title='bbox 398 894 498 926; x_wconf 73' lang='lat' dir='ltr'>partes</span> <span class='ocrx_word' id='word_1_100' title='bbox 518 894 547 918; x_wconf 83' lang='lat' dir='ltr'>et</span> <span class='ocrx_word' id='word_1_101' title='bbox 565 889 646 918; x_wconf 83' lang='lat' dir='ltr'>cultu</span> <span class='ocrx_word' id='word_1_102' title='bbox 667 889 765 926; x_wconf 83' lang='lat' dir='ltr'>aliquo</span> <span class='ocrx_word' id='word_1_103' title='bbox 786 889 892 919; x_wconf 85' lang='lat' dir='ltr'>nitidas</span> <span class='ocrx_word' id='word_1_104' title='bbox 911 899 977 919; x_wconf 86' lang='lat' dir='ltr'>cum</span> <span class='ocrx_word' id='word_1_105' title='bbox 998 890 1056 919; x_wconf 89' lang='lat' dir='ltr'>illis</span> <span class='ocrx_word' id='word_1_106' title='bbox 1076 899 1155 919; x_wconf 85' lang='lat' dir='ltr'>com·</span> 
     </span>
     <span class='ocr_line' id='line_1_15' title="bbox 283 926 1154 964; baseline 0.002 -8"><span class='ocrx_word' id='word_1_107' title='bbox 283 931 375 964; x_wconf 72' lang='lat' dir='ltr'>paret.</span> <span class='ocrx_word' id='word_1_108' title='bbox 416 926 490 956; x_wconf 71' lang='lat' dir='ltr'>Nam</span> <span class='ocrx_word' id='word_1_109' title='bbox 511 936 562 964; x_wconf 83' lang='lat' dir='ltr'>per</span> <span class='ocrx_word' id='word_1_110' title='bbox 587 933 685 956; x_wconf 74' lang='lat' dir='ltr'>vastas</span> <span class='ocrx_word' id='word_1_111' title='bbox 712 936 826 964; x_wconf 83' lang='lat' dir='ltr'>quoque</span> <span class='ocrx_word' id='word_1_112' title='bbox 853 927 1025 958; x_wconf 70' lang='lat' dir='ltr'>solitudines</span> <span class='ocrx_word' id='word_1_113' title='bbox 1052 928 1154 958; x_wconf 75' lang='lat' dir='ltr'>decur—</span> 
     </span>
     <span class='ocr_line' id='line_1_16' title="bbox 285 965 1155 1003; baseline 0 -9"><span class='ocrx_word' id='word_1_114' title='bbox 285 970 356 994; x_wconf 81' lang='lat' dir='ltr'>runt</span> <span class='ocrx_word' id='word_1_115' title='bbox 374 965 471 994; x_wconf 83' lang='lat' dir='ltr'>fluvii:</span> <span class='ocrx_word' id='word_1_116' title='bbox 502 965 560 995; x_wconf 87' lang='lat' dir='ltr'>illic</span> <span class='ocrx_word' id='word_1_117' title='bbox 581 966 658 994; x_wconf 78' lang='lat' dir='ltr'>ferae</span> <span class='ocrx_word' id='word_1_118' title='bbox 678 965 785 994; x_wconf 80' lang='lat' dir='ltr'>hestiae</span> <span class='ocrx_word' id='word_1_119' title='bbox 804 965 903 1003; x_wconf 87' lang='lat' dir='ltr'>aliqua</span> <span class='ocrx_word' id='word_1_120' title='bbox 923 966 979 995; x_wconf 83' lang='lat' dir='ltr'>Dei</span> <span class='ocrx_word' id='word_1_121' title='bbox 1000 966 1155 996; x_wconf 81' lang='lat' dir='ltr'>benedicti-</span> 
     </span>
     <span class='ocr_line' id='line_1_17' title="bbox 285 1003 1154 1042; baseline 0.001 -9"><span class='ocrx_word' id='word_1_122' title='bbox 285 1012 341 1033; x_wconf 80' lang='lat' dir='ltr'>one</span> <span class='ocrx_word' id='word_1_123' title='bbox 363 1004 518 1032; x_wconf 78' lang='lat' dir='ltr'>fruuntur:</span> <span class='ocrx_word' id='word_1_124' title='bbox 548 1013 600 1033; x_wconf 87' lang='lat' dir='ltr'>nec</span> <span class='ocrx_word' id='word_1_125' title='bbox 620 1003 680 1032; x_wconf 83' lang='lat' dir='ltr'>ulla</span> <span class='ocrx_word' id='word_1_126' title='bbox 699 1008 746 1032; x_wconf 87' lang='lat' dir='ltr'>est</span> <span class='ocrx_word' id='word_1_127' title='bbox 766 1008 822 1032; x_wconf 84' lang='lat' dir='ltr'>tam</span> <span class='ocrx_word' id='word_1_128' title='bbox 845 1004 950 1033; x_wconf 80' lang='lat' dir='ltr'>sterilis</span> <span class='ocrx_word' id='word_1_129' title='bbox 979 1005 1058 1042; x_wconf 77' lang='lat' dir='ltr'>regio</span> <span class='ocrx_word' id='word_1_130' title='bbox 1080 1014 1154 1041; x_wconf 83' lang='lat' dir='ltr'>quae</span> 
     </span>
     <span class='ocr_line' id='line_1_18' title="bbox 285 1041 1154 1079; baseline 0.002 -9"><span class='ocrx_word' id='word_1_131' title='bbox 285 1051 343 1070; x_wconf 90' lang='lat' dir='ltr'>non</span> <span class='ocrx_word' id='word_1_132' title='bbox 371 1041 477 1071; x_wconf 80' lang='lat' dir='ltr'>habeat</span> <span class='ocrx_word' id='word_1_133' title='bbox 505 1051 619 1079; x_wconf 75' lang='lat' dir='ltr'>sparsas</span> <span class='ocrx_word' id='word_1_134' title='bbox 649 1042 778 1076; x_wconf 80' lang='lat' dir='ltr'>arbores.</span> <span class='ocrx_word' id='word_1_135' title='bbox 810 1041 859 1071; x_wconf 82' lang='lat' dir='ltr'>ubi</span> <span class='ocrx_word' id='word_1_136' title='bbox 888 1048 1025 1072; x_wconf 81' lang='lat' dir='ltr'>resonant</span> <span class='ocrx_word' id='word_1_137' title='bbox 1054 1043 1154 1072; x_wconf 75' lang='lat' dir='ltr'>avium</span> 
     </span>
     <span class='ocr_line' id='line_1_19' title="bbox 285 1079 1154 1119; baseline 0.002 -11"><span class='ocrx_word' id='word_1_138' title='bbox 285 1085 396 1109; x_wconf 77' lang='lat' dir='ltr'>cantus.</span> <span class='ocrx_word' id='word_1_139' title='bbox 445 1079 546 1116; x_wconf 71' lang='lat' dir='ltr'>Quum</span> <span class='ocrx_word' id='word_1_140' title='bbox 575 1080 605 1109; x_wconf 87' lang='lat' dir='ltr'>in</span> <span class='ocrx_word' id='word_1_141' title='bbox 635 1080 706 1109; x_wconf 83' lang='lat' dir='ltr'>locis</span> <span class='ocrx_word' id='word_1_142' title='bbox 737 1080 794 1108; x_wconf 86' lang='lat' dir='ltr'>illis</span> <span class='ocrx_word' id='word_1_143' title='bbox 822 1080 963 1117; x_wconf 70' lang='lat' dir='ltr'>squalidis</span> <span class='ocrx_word' id='word_1_144' title='bbox 993 1085 1154 1119; x_wconf 74' lang='lat' dir='ltr'>appareant</span> 
     </span>
     <span class='ocr_line' id='line_1_20' title="bbox 284 1117 1152 1156; baseline 0.001 -10"><span class='ocrx_word' id='word_1_145' title='bbox 284 1118 367 1156; x_wconf 73' lang='lat' dir='ltr'>signa</span> <span class='ocrx_word' id='word_1_146' title='bbox 388 1117 503 1147; x_wconf 78' lang='lat' dir='ltr'>divinae</span> <span class='ocrx_word' id='word_1_147' title='bbox 523 1119 659 1147; x_wconf 78' lang='lat' dir='ltr'>bonitatis</span> <span class='ocrx_word' id='word_1_148' title='bbox 678 1122 708 1147; x_wconf 84' lang='lat' dir='ltr'>et</span> <span class='ocrx_word' id='word_1_149' title='bbox 728 1120 881 1155; x_wconf 81' lang='lat' dir='ltr'>potentiae,</span> <span class='ocrx_word' id='word_1_150' title='bbox 902 1123 1041 1156; x_wconf 82' lang='lat' dir='ltr'>quactum</span> <span class='ocrx_word' id='word_1_151' title='bbox 1062 1119 1152 1148; x_wconf 80' lang='lat' dir='ltr'>admi·</span> 
     </span>
     <span class='ocr_line' id='line_1_21' title="bbox 282 1155 1154 1195; baseline 0.001 -10"><span class='ocrx_word' id='word_1_152' title='bbox 282 1155 404 1186; x_wconf 82' lang='lat' dir='ltr'>rationis</span> <span class='ocrx_word' id='word_1_153' title='bbox 423 1162 551 1185; x_wconf 85' lang='lat' dir='ltr'>meretur</span> <span class='ocrx_word' id='word_1_154' title='bbox 571 1156 719 1186; x_wconf 80' lang='lat' dir='ltr'>uberrima</span> <span class='ocrx_word' id='word_1_155' title='bbox 738 1161 779 1185; x_wconf 83' lang='lat' dir='ltr'>tot</span> <span class='ocrx_word' id='word_1_156' title='bbox 802 1156 940 1186; x_wconf 85' lang='lat' dir='ltr'>bonorum</span> <span class='ocrx_word' id='word_1_157' title='bbox 970 1158 1052 1194; x_wconf 85' lang='lat' dir='ltr'>copia</span> <span class='ocrx_word' id='word_1_158' title='bbox 1079 1167 1154 1195; x_wconf 74' lang='lat' dir='ltr'>quae</span> 
     </span>
     <span class='ocr_line' id='line_1_22' title="bbox 282 1194 1154 1233; baseline 0.002 -10"><span class='ocrx_word' id='word_1_159' title='bbox 282 1196 312 1223; x_wconf 81' lang='lat' dir='ltr'>in</span> <span class='ocrx_word' id='word_1_160' title='bbox 333 1194 502 1232; x_wconf 72' lang='lat' dir='ltr'>regionibus</span> <span class='ocrx_word' id='word_1_161' title='bbox 521 1194 607 1224; x_wconf 71' lang='lat' dir='ltr'>onitin</span> <span class='ocrx_word' id='word_1_162' title='bbox 626 1200 655 1224; x_wconf 80' lang='lat' dir='ltr'>et</span> <span class='ocrx_word' id='word_1_163' title='bbox 674 1195 804 1223; x_wconf 82' lang='lat' dir='ltr'>amoenis</span> <span class='ocrx_word' id='word_1_164' title='bbox 831 1195 1027 1233; x_wconf 71' lang='lat' dir='ltr'>conspicitur?</span> <span class='ocrx_word' id='word_1_165' title='bbox 1066 1195 1154 1225; x_wconf 78' lang='lat' dir='ltr'>Certe</span> 
     </span>
     <span class='ocr_line' id='line_1_23' title="bbox 284 1233 1152 1268; baseline 0.002 -7"><span class='ocrx_word' id='word_1_166' title='bbox 284 1233 332 1262; x_wconf 81' lang='lat' dir='ltr'>ubi</span> <span class='ocrx_word' id='word_1_167' title='bbox 353 1242 412 1261; x_wconf 87' lang='lat' dir='ltr'>non</span> <span class='ocrx_word' id='word_1_168' title='bbox 433 1233 519 1261; x_wconf 86' lang='lat' dir='ltr'>modo</span> <span class='ocrx_word' id='word_1_169' title='bbox 539 1233 646 1262; x_wconf 84' lang='lat' dir='ltr'>flumen</span> <span class='ocrx_word' id='word_1_170' title='bbox 667 1242 757 1262; x_wconf 86' lang='lat' dir='ltr'>unum</span> <span class='ocrx_word' id='word_1_171' title='bbox 777 1233 920 1268; x_wconf 74' lang='lat' dir='ltr'>decurrit,</span> <span class='ocrx_word' id='word_1_172' title='bbox 942 1234 1045 1263; x_wconf 82' lang='lat' dir='ltr'>crescit</span> <span class='ocrx_word' id='word_1_173' title='bbox 1062 1233 1152 1263; x_wconf 83' lang='lat' dir='ltr'>herba</span> 
     </span>
     <span class='ocr_line' id='line_1_24' title="bbox 282 1270 1152 1308; baseline 0 -8"><span class='ocrx_word' id='word_1_174' title='bbox 282 1270 437 1308; x_wconf 78' lang='lat' dir='ltr'>pascendis</span> <span class='ocrx_word' id='word_1_175' title='bbox 454 1270 532 1308; x_wconf 83' lang='lat' dir='ltr'>feris,</span> <span class='ocrx_word' id='word_1_176' title='bbox 548 1281 586 1300; x_wconf 81' lang='lat' dir='ltr'>ex</span> <span class='ocrx_word' id='word_1_177' title='bbox 600 1272 699 1308; x_wconf 82' lang='lat' dir='ltr'>paucis</span> <span class='ocrx_word' id='word_1_178' title='bbox 714 1270 865 1300; x_wconf 80' lang='lat' dir='ltr'>arboribus</span> <span class='ocrx_word' id='word_1_179' title='bbox 879 1271 1040 1307; x_wconf 73' lang='lat' dir='ltr'>audiuntur</span> <span class='ocrx_word' id='word_1_180' title='bbox 1051 1272 1152 1300; x_wconf 76' lang='lat' dir='ltr'>svium</span> 
     </span>
     <span class='ocr_line' id='line_1_25' title="bbox 283 1308 1152 1347; baseline 0.002 -9"><span class='ocrx_word' id='word_1_181' title='bbox 283 1317 382 1344; x_wconf 79' lang='lat' dir='ltr'>voces,</span> <span class='ocrx_word' id='word_1_182' title='bbox 410 1308 461 1338; x_wconf 80' lang='lat' dir='ltr'>sed</span> <span class='ocrx_word' id='word_1_183' title='bbox 492 1309 645 1346; x_wconf 78' lang='lat' dir='ltr'>multiplex</span> <span class='ocrx_word' id='word_1_184' title='bbox 673 1310 813 1338; x_wconf 80' lang='lat' dir='ltr'>bonorum</span> <span class='ocrx_word' id='word_1_185' title='bbox 844 1311 936 1347; x_wconf 77' lang='lat' dir='ltr'>eopia,</span> <span class='ocrx_word' id='word_1_186' title='bbox 967 1316 996 1339; x_wconf 82' lang='lat' dir='ltr'>et</span> <span class='ocrx_word' id='word_1_187' title='bbox 1023 1310 1152 1340; x_wconf 78' lang='lat' dir='ltr'>varietas</span> 
     </span>
     <span class='ocr_line' id='line_1_26' title="bbox 282 1347 1150 1386; baseline 0 -8"><span class='ocrx_word' id='word_1_188' title='bbox 282 1347 374 1378; x_wconf 74' lang='lat' dir='ltr'>oeulis</span> <span class='ocrx_word' id='word_1_189' title='bbox 394 1347 502 1376; x_wconf 85' lang='lat' dir='ltr'>nostris</span> <span class='ocrx_word' id='word_1_190' title='bbox 521 1348 627 1384; x_wconf 84' lang='lat' dir='ltr'>ubique</span> <span class='ocrx_word' id='word_1_191' title='bbox 651 1357 682 1376; x_wconf 86' lang='lat' dir='ltr'>se</span> <span class='ocrx_word' id='word_1_192' title='bbox 702 1348 824 1385; x_wconf 76' lang='lat' dir='ltr'>ingerit,</span> <span class='ocrx_word' id='word_1_193' title='bbox 848 1348 915 1385; x_wconf 82' lang='lat' dir='ltr'>plus</span> <span class='ocrx_word' id='word_1_194' title='bbox 934 1357 1022 1386; x_wconf 83' lang='lat' dir='ltr'>qnam</span> <span class='ocrx_word' id='word_1_195' title='bbox 1047 1349 1150 1378; x_wconf 82' lang='lat' dir='ltr'>brutus</span> 
     </span>
     <span class='ocr_line' id='line_1_27' title="bbox 282 1385 1150 1423; baseline 0.001 -9"><span class='ocrx_word' id='word_1_196' title='bbox 282 1391 326 1414; x_wconf 85' lang='lat' dir='ltr'>ost</span> <span class='ocrx_word' id='word_1_197' title='bbox 345 1390 446 1423; x_wconf 82' lang='lat' dir='ltr'>stupor</span> <span class='ocrx_word' id='word_1_198' title='bbox 466 1392 573 1423; x_wconf 87' lang='lat' dir='ltr'>noster,</span> <span class='ocrx_word' id='word_1_199' title='bbox 592 1385 651 1414; x_wconf 85' lang='lat' dir='ltr'>nisi</span> <span class='ocrx_word' id='word_1_200' title='bbox 669 1385 706 1414; x_wconf 79' lang='lat' dir='ltr'>ad</span> <span class='ocrx_word' id='word_1_201' title='bbox 726 1386 803 1423; x_wconf 84' lang='lat' dir='ltr'>piam</span> <span class='ocrx_word' id='word_1_202' title='bbox 824 1386 933 1423; x_wconf 79' lang='lat' dir='ltr'>gloriae</span> <span class='ocrx_word' id='word_1_203' title='bbox 952 1387 1008 1415; x_wconf 86' lang='lat' dir='ltr'>Dei</span> <span class='ocrx_word' id='word_1_204' title='bbox 1027 1386 1150 1416; x_wconf 83' lang='lat' dir='ltr'>medita-</span> 
     </span>
     <span class='ocr_line' id='line_1_28' title="bbox 282 1423 1150 1461; baseline 0.002 -9"><span class='ocrx_word' id='word_1_205' title='bbox 282 1423 390 1453; x_wconf 85' lang='lat' dir='ltr'>tionem</span> <span class='ocrx_word' id='word_1_206' title='bbox 411 1433 445 1452; x_wconf 87' lang='lat' dir='ltr'>eo</span> <span class='ocrx_word' id='word_1_207' title='bbox 461 1424 553 1461; x_wconf 76' lang='lat' dir='ltr'>magis</span> <span class='ocrx_word' id='word_1_208' title='bbox 569 1433 669 1453; x_wconf 83' lang='lat' dir='ltr'>sumus</span> <span class='ocrx_word' id='word_1_209' title='bbox 685 1424 798 1454; x_wconf 82' lang='lat' dir='ltr'>intenti.</span> <span class='ocrx_word' id='word_1_210' title='bbox 829 1425 960 1454; x_wconf 77' lang='lat' dir='ltr'>Eandem</span> <span class='ocrx_word' id='word_1_211' title='bbox 976 1426 1150 1454; x_wconf 66' lang='lat' dir='ltr'>sententiam</span> 
     </span>
     <span class='ocr_line' id='line_1_29' title="bbox 281 1462 1152 1500; baseline 0.002 -10"><span class='ocrx_word' id='word_1_212' title='bbox 281 1463 468 1499; x_wconf 79' lang='lat' dir='ltr'>prosequitur</span> <span class='ocrx_word' id='word_1_213' title='bbox 486 1471 576 1498; x_wconf 86' lang='lat' dir='ltr'>quum</span> <span class='ocrx_word' id='word_1_214' title='bbox 596 1462 666 1491; x_wconf 82' lang='lat' dir='ltr'>dieit</span> <span class='ocrx_word' id='word_1_215' title='bbox 686 1463 781 1492; x_wconf 79' lang='lat' dir='ltr'>Deum</span> <span class='ocrx_word' id='word_1_216' title='bbox 803 1463 927 1500; x_wconf 74' lang='lat' dir='ltr'>irriyare</span> <span class='ocrx_word' id='word_1_217' title='bbox 943 1465 1046 1492; x_wconf 71' lang='lat' dir='ltr'>montes</span> <span class='ocrx_word' id='word_1_218' title='bbox 1065 1472 1079 1491; x_wconf 74' lang='grc' dir='ltr'>ε</span> <span class='ocrx_word' id='word_1_219' title='bbox 1097 1471 1152 1492; x_wconf 77' lang='grc' dir='ltr'>σω-</span> 
     </span>
     <span class='ocr_line' id='line_1_30' title="bbox 282 1500 1150 1538; baseline 0.002 -10"><span class='ocrx_word' id='word_1_220' title='bbox 282 1501 392 1529; x_wconf 74' lang='lat' dir='ltr'>uwulis</span> <span class='ocrx_word' id='word_1_221' title='bbox 409 1501 479 1528; x_wconf 76' lang='lat' dir='ltr'>eui-s.</span> <span class='ocrx_word' id='word_1_222' title='bbox 509 1500 575 1529; x_wconf 81' lang='lat' dir='ltr'>Hoc</span> <span class='ocrx_word' id='word_1_223' title='bbox 594 1501 673 1528; x_wconf 87' lang='lat' dir='ltr'>enim</span> <span class='ocrx_word' id='word_1_224' title='bbox 692 1501 865 1530; x_wconf 82' lang='lat' dir='ltr'>miraculum</span> <span class='ocrx_word' id='word_1_225' title='bbox 883 1505 928 1530; x_wconf 84' lang='lat' dir='ltr'>est</span> <span class='ocrx_word' id='word_1_226' title='bbox 943 1511 1001 1530; x_wconf 84' lang='lat' dir='ltr'>non</span> <span class='ocrx_word' id='word_1_227' title='bbox 1018 1501 1150 1538; x_wconf 69' lang='lat' dir='ltr'>vulgare,</span> 
     </span>
     <span class='ocr_line' id='line_1_31' title="bbox 282 1538 1150 1576; baseline 0.001 -9"><span class='ocrx_word' id='word_1_228' title='bbox 282 1538 359 1576; x_wconf 81' lang='lat' dir='ltr'>quod</span> <span class='ocrx_word' id='word_1_229' title='bbox 379 1544 494 1568; x_wconf 84' lang='lat' dir='ltr'>montes</span> <span class='ocrx_word' id='word_1_230' title='bbox 512 1539 561 1576; x_wconf 86' lang='lat' dir='ltr'>qui</span> <span class='ocrx_word' id='word_1_231' title='bbox 587 1538 727 1568; x_wconf 72' lang='lat' dir='ltr'>videntur</span> <span class='ocrx_word' id='word_1_232' title='bbox 751 1543 892 1576; x_wconf 82' lang='lat' dir='ltr'>perpetua</span> <span class='ocrx_word' id='word_1_233' title='bbox 915 1539 1045 1569; x_wconf 82' lang='lat' dir='ltr'>sioeitate</span> <span class='ocrx_word' id='word_1_234' title='bbox 1072 1539 1150 1569; x_wconf 82' lang='lat' dir='ltr'>dam-</span> 
     </span>
     <span class='ocr_line' id='line_1_32' title="bbox 282 1575 1150 1621; baseline 0.001 -16"><span class='ocrx_word' id='word_1_235' title='bbox 282 1577 352 1610; x_wconf 77' lang='lat' dir='ltr'>nati.</span> <span class='ocrx_word' id='word_1_236' title='bbox 372 1581 402 1606; x_wconf 86' lang='lat' dir='ltr'>et</span> <span class='ocrx_word' id='word_1_237' title='bbox 421 1576 632 1621; x_wconf 77' lang='lat' dir='ltr'>quodammodo</span> <span class='ocrx_word' id='word_1_238' title='bbox 652 1577 683 1606; x_wconf 91' lang='lat' dir='ltr'>in</span> <span class='ocrx_word' id='word_1_239' title='bbox 699 1583 766 1621; x_wconf 72' lang='lat' dir='ltr'>aere</span> <span class='ocrx_word' id='word_1_240' title='bbox 780 1575 918 1614; x_wconf 85' lang='lat' dir='ltr'>pendent.</span> <span class='ocrx_word' id='word_1_241' title='bbox 938 1576 1090 1607; x_wconf 86' lang='lat' dir='ltr'>abundant</span> <span class='ocrx_word' id='word_1_242' title='bbox 1107 1581 1150 1606; x_wconf 77' lang='lat' dir='ltr'>te-</span> 
     </span>
     <span class='ocr_line' id='line_1_33' title="bbox 281 1615 1148 1691; baseline 0 -9"><span class='ocrx_word' id='word_1_243' title='bbox 281 1624 348 1682; x_wconf 57' lang='lat' dir='ltr'>:ss</span> <span class='ocrx_word' id='word_1_244' title='bbox 359 1615 987 1690; x_wconf 57' lang='lat'>.1¹332‘3¹;⁸1‚..32:‘3‡²5„3;2”530052¹332?;;,</span> <span class='ocrx_word' id='word_1_245' title='bbox 999 1616 1148 1691; x_wconf 52' lang='lat' dir='ltr'>zaim</span> 
     </span>
     <span class='ocr_line' id='line_1_34' title="bbox 281 1691 1148 1729; baseline 0.001 -9"><span class='ocrx_word' id='word_1_246' title='bbox 281 1691 362 1720; x_wconf 84' lang='lat' dir='ltr'>Deus</span> <span class='ocrx_word' id='word_1_247' title='bbox 381 1700 507 1721; x_wconf 73' lang='lat' dir='ltr'>manus</span> <span class='ocrx_word' id='word_1_248' title='bbox 526 1697 571 1720; x_wconf 84' lang='lat' dir='ltr'>est</span> <span class='ocrx_word' id='word_1_249' title='bbox 591 1691 722 1729; x_wconf 79' lang='lat' dir='ltr'>agricola.</span> <span class='ocrx_word' id='word_1_250' title='bbox 763 1691 877 1722; x_wconf 68' lang='lat' dir='ltr'>&#39;lh-ibuit</span> <span class='ocrx_word' id='word_1_251' title='bbox 901 1692 1017 1729; x_wconf 80' lang='lat' dir='ltr'>quidem</span> <span class='ocrx_word' id='word_1_252' title='bbox 1043 1693 1148 1729; x_wconf 83' lang='lat' dir='ltr'>impro-</span> 
     </span>
     <span class='ocr_line' id='line_1_35' title="bbox 281 1729 1150 1767; baseline 0.002 -9"><span class='ocrx_word' id='word_1_253' title='bbox 281 1730 342 1766; x_wconf 84' lang='lat' dir='ltr'>prie</span> <span class='ocrx_word' id='word_1_254' title='bbox 363 1729 489 1758; x_wconf 85' lang='lat' dir='ltr'>laborem</span> <span class='ocrx_word' id='word_1_255' title='bbox 509 1729 584 1765; x_wconf 79' lang='lat' dir='ltr'>Deo,</span> <span class='ocrx_word' id='word_1_256' title='bbox 603 1730 653 1759; x_wconf 90' lang='lat' dir='ltr'>sed</span> <span class='ocrx_word' id='word_1_257' title='bbox 674 1740 733 1759; x_wconf 88' lang='lat' dir='ltr'>non</span> <span class='ocrx_word' id='word_1_258' title='bbox 753 1730 815 1759; x_wconf 83' lang='lat' dir='ltr'>sine</span> <span class='ocrx_word' id='word_1_259' title='bbox 831 1731 961 1759; x_wconf 85' lang='lat' dir='ltr'>ratione:</span> <span class='ocrx_word' id='word_1_260' title='bbox 982 1731 1049 1767; x_wconf 81' lang='lat' dir='ltr'>quia</span> <span class='ocrx_word' id='word_1_261' title='bbox 1069 1731 1150 1760; x_wconf 74' lang='lat' dir='ltr'>Deus</span> 
     </span>
     <span class='ocr_line' id='line_1_36' title="bbox 282 1767 1150 1806; baseline 0 -9"><span class='ocrx_word' id='word_1_262' title='bbox 282 1774 390 1797; x_wconf 79' lang='lat' dir='ltr'>terram</span> <span class='ocrx_word' id='word_1_263' title='bbox 420 1777 456 1797; x_wconf 84' lang='lat' dir='ltr'>ex</span> <span class='ocrx_word' id='word_1_264' title='bbox 485 1777 539 1797; x_wconf 86' lang='lat' dir='ltr'>sua</span> <span class='ocrx_word' id='word_1_265' title='bbox 567 1769 665 1804; x_wconf 83' lang='lat' dir='ltr'>quiete</span> <span class='ocrx_word' id='word_1_266' title='bbox 696 1767 881 1803; x_wconf 81' lang='lat' dir='ltr'>benedicens,</span> <span class='ocrx_word' id='word_1_267' title='bbox 912 1768 1059 1798; x_wconf 79' lang='lat' dir='ltr'>efficacius</span> <span class='ocrx_word' id='word_1_268' title='bbox 1089 1770 1150 1806; x_wconf 83' lang='lat' dir='ltr'>agit</span> 
     </span>
     <span class='ocr_line' id='line_1_37' title="bbox 281 1806 1148 1843; baseline 0.002 -8"><span class='ocrx_word' id='word_1_269' title='bbox 281 1815 369 1843; x_wconf 80' lang='lat' dir='ltr'>quam</span> <span class='ocrx_word' id='word_1_270' title='bbox 401 1806 427 1836; x_wconf 89' lang='lat' dir='ltr'>si</span> <span class='ocrx_word' id='word_1_271' title='bbox 452 1807 549 1836; x_wconf 79' lang='lat' dir='ltr'>cuncti</span> <span class='ocrx_word' id='word_1_272' title='bbox 576 1807 714 1836; x_wconf 76' lang='lat' dir='ltr'>mortales</span> <span class='ocrx_word' id='word_1_273' title='bbox 740 1807 855 1836; x_wconf 79' lang='lat' dir='ltr'>assiduo</span> <span class='ocrx_word' id='word_1_274' title='bbox 878 1807 975 1837; x_wconf 83' lang='lat' dir='ltr'>laboro</span> <span class='ocrx_word' id='word_1_275' title='bbox 1002 1817 1033 1836; x_wconf 88' lang='lat' dir='ltr'>se</span> <span class='ocrx_word' id='word_1_276' title='bbox 1059 1808 1148 1837; x_wconf 84' lang='lat' dir='ltr'>confi·</span> 
     </span>
     <span class='ocr_line' id='line_1_38' title="bbox 281 1851 386 1874; baseline -0.019 0"><span class='ocrx_word' id='word_1_277' title='bbox 281 1851 386 1874; x_wconf 73' lang='lat' dir='ltr'>curent.</span> 
     </span>
    </p>

    <p class='ocr_par' dir='ltr' id='par_1_3' title="bbox 281 1882 1150 2571">
     <span class='ocr_line' id='line_1_39' title="bbox 358 1882 1150 1921; baseline 0 -10"><span class='ocrx_word' id='word_1_278' title='bbox 358 1884 402 1912; x_wconf 84' lang='lat'>14.</span> <span class='ocrx_word' id='word_1_279' title='bbox 421 1882 603 1920; x_wconf 72' lang='lat' dir='ltr'>(Geni-imre</span> <span class='ocrx_word' id='word_1_280' title='bbox 620 1883 750 1921; x_wconf 72' lang='lat' dir='ltr'>sacione.)</span> <span class='ocrx_word' id='word_1_281' title='bbox 788 1883 851 1912; x_wconf 78' lang='lat' dir='ltr'>lam</span> <span class='ocrx_word' id='word_1_282' title='bbox 877 1883 913 1912; x_wconf 82' lang='lat' dir='ltr'>ad</span> <span class='ocrx_word' id='word_1_283' title='bbox 942 1883 1076 1913; x_wconf 81' lang='lat' dir='ltr'>homines</span> <span class='ocrx_word' id='word_1_284' title='bbox 1103 1884 1150 1911; x_wconf 78' lang='lat' dir='ltr'>de-</span> 
     </span>
     <span class='ocr_line' id='line_1_40' title="bbox 281 1920 1148 1958; baseline 0 -7"><span class='ocrx_word' id='word_1_285' title='bbox 281 1921 406 1956; x_wconf 76' lang='lat' dir='ltr'>scendit,</span> <span class='ocrx_word' id='word_1_286' title='bbox 438 1930 512 1958; x_wconf 81' lang='lat' dir='ltr'>quos</span> <span class='ocrx_word' id='word_1_287' title='bbox 538 1920 617 1950; x_wconf 76' lang='lat' dir='ltr'>Deus</span> <span class='ocrx_word' id='word_1_288' title='bbox 646 1921 783 1958; x_wconf 74' lang='lat' dir='ltr'>peculiari</span> <span class='ocrx_word' id='word_1_289' title='bbox 810 1931 881 1951; x_wconf 82' lang='lat' dir='ltr'>cura</span> <span class='ocrx_word' id='word_1_290' title='bbox 908 1926 1047 1958; x_wconf 86' lang='lat' dir='ltr'>tanquam</span> <span class='ocrx_word' id='word_1_291' title='bbox 1072 1922 1148 1951; x_wconf 85' lang='lat' dir='ltr'>filios</span> 
     </span>
     <span class='ocr_line' id='line_1_41' title="bbox 281 1959 1148 1998; baseline 0.001 -10"><span class='ocrx_word' id='word_1_292' title='bbox 281 1959 427 1998; x_wconf 72' lang='lat' dir='ltr'>dignatur.</span> <span class='ocrx_word' id='word_1_293' title='bbox 466 1959 626 1997; x_wconf 80' lang='lat' dir='ltr'>Postquam</span> <span class='ocrx_word' id='word_1_294' title='bbox 646 1969 716 1998; x_wconf 80' lang='lat' dir='ltr'>ergo</span> <span class='ocrx_word' id='word_1_295' title='bbox 737 1959 772 1988; x_wconf 87' lang='lat' dir='ltr'>de</span> <span class='ocrx_word' id='word_1_296' title='bbox 792 1959 886 1988; x_wconf 84' lang='lat' dir='ltr'>brutis</span> <span class='ocrx_word' id='word_1_297' title='bbox 912 1960 1086 1990; x_wconf 69' lang='lat' dir='ltr'>animalibus</span> <span class='ocrx_word' id='word_1_298' title='bbox 1106 1959 1148 1989; x_wconf 86' lang='lat' dir='ltr'>lo-</span> 
     </span>
     <span class='ocr_line' id='line_1_42' title="bbox 281 1997 1148 2036; baseline 0 -9"><span class='ocrx_word' id='word_1_299' title='bbox 281 2002 390 2035; x_wconf 80' lang='lat' dir='ltr'>quutus</span> <span class='ocrx_word' id='word_1_300' title='bbox 411 2000 471 2032; x_wconf 77' lang='lat' dir='ltr'>est,</span> <span class='ocrx_word' id='word_1_301' title='bbox 493 1997 564 2027; x_wconf 82' lang='lat' dir='ltr'>dicit</span> <span class='ocrx_word' id='word_1_302' title='bbox 584 2003 712 2036; x_wconf 80' lang='lat' dir='ltr'>segetem</span> <span class='ocrx_word' id='word_1_303' title='bbox 734 1997 861 2035; x_wconf 80' lang='lat' dir='ltr'>produci,</span> <span class='ocrx_word' id='word_1_304' title='bbox 883 2004 913 2027; x_wconf 85' lang='lat' dir='ltr'>et</span> <span class='ocrx_word' id='word_1_305' title='bbox 931 2008 967 2027; x_wconf 85' lang='lat' dir='ltr'>ex</span> <span class='ocrx_word' id='word_1_306' title='bbox 988 2008 1022 2027; x_wconf 84' lang='lat' dir='ltr'>ea</span> <span class='ocrx_word' id='word_1_307' title='bbox 1042 2008 1148 2036; x_wconf 81' lang='lat' dir='ltr'>penem</span> 
     </span>
     <span class='ocr_line' id='line_1_43' title="bbox 281 2035 1148 2073; baseline 0 -9"><span class='ocrx_word' id='word_1_308' title='bbox 281 2036 316 2064; x_wconf 82' lang='lat' dir='ltr'>ad</span> <span class='ocrx_word' id='word_1_309' title='bbox 331 2035 464 2064; x_wconf 83' lang='lat' dir='ltr'>homines</span> <span class='ocrx_word' id='word_1_310' title='bbox 480 2036 608 2072; x_wconf 85' lang='lat' dir='ltr'>alendos,</span> <span class='ocrx_word' id='word_1_311' title='bbox 630 2046 722 2073; x_wconf 83' lang='lat' dir='ltr'>neque</span> <span class='ocrx_word' id='word_1_312' title='bbox 738 2035 767 2064; x_wconf 85' lang='lat' dir='ltr'>id</span> <span class='ocrx_word' id='word_1_313' title='bbox 783 2036 877 2070; x_wconf 78' lang='lat' dir='ltr'>modo¹</span> <span class='ocrx_word' id='word_1_314' title='bbox 899 2036 949 2064; x_wconf 80' lang='lat' dir='ltr'>sed</span> <span class='ocrx_word' id='word_1_315' title='bbox 965 2036 1059 2066; x_wconf 85' lang='lat' dir='ltr'>oleum</span> <span class='ocrx_word' id='word_1_316' title='bbox 1077 2046 1148 2073; x_wconf 79' lang='lat' dir='ltr'>qno-</span> 
     </span>
     <span class='ocr_line' id='line_1_44' title="bbox 281 2074 1146 2112; baseline 0 -8"><span class='ocrx_word' id='word_1_317' title='bbox 281 2084 336 2112; x_wconf 81' lang='lat' dir='ltr'>que</span> <span class='ocrx_word' id='word_1_318' title='bbox 359 2078 389 2104; x_wconf 89' lang='lat' dir='ltr'>et</span> <span class='ocrx_word' id='word_1_319' title='bbox 413 2074 514 2103; x_wconf 82' lang='lat' dir='ltr'>vinum</span> <span class='ocrx_word' id='word_1_320' title='bbox 541 2074 692 2104; x_wconf 74' lang='lat' dir='ltr'>accedere:</span> <span class='ocrx_word' id='word_1_321' title='bbox 721 2083 796 2112; x_wconf 83' lang='lat' dir='ltr'>quae</span> <span class='ocrx_word' id='word_1_322' title='bbox 822 2074 877 2103; x_wconf 88' lang='lat' dir='ltr'>duo</span> <span class='ocrx_word' id='word_1_323' title='bbox 904 2083 963 2104; x_wconf 88' lang='lat' dir='ltr'>non</span> <span class='ocrx_word' id='word_1_324' title='bbox 990 2075 1085 2104; x_wconf 80' lang='lat' dir='ltr'>solum</span> <span class='ocrx_word' id='word_1_325' title='bbox 1112 2074 1146 2104; x_wconf 85' lang='lat' dir='ltr'>ad</span> 
     </span>
     <span class='ocr_line' id='line_1_45' title="bbox 281 2113 1148 2150; baseline 0 -8"><span class='ocrx_word' id='word_1_326' title='bbox 281 2114 480 2143; x_wconf 72' lang='lat' dir='ltr'>necessitatem</span> <span class='ocrx_word' id='word_1_327' title='bbox 527 2113 576 2142; x_wconf 82' lang='lat' dir='ltr'>sed</span> <span class='ocrx_word' id='word_1_328' title='bbox 610 2113 644 2141; x_wconf 87' lang='lat' dir='ltr'>ad</span> <span class='ocrx_word' id='word_1_329' title='bbox 676 2113 815 2142; x_wconf 71' lang='lat' dir='ltr'>laetitiam</span> <span class='ocrx_word' id='word_1_330' title='bbox 847 2113 1001 2150; x_wconf 82' lang='lat' dir='ltr'>pertinent.</span> <span class='ocrx_word' id='word_1_331' title='bbox 1053 2113 1148 2142; x_wconf 84' lang='lat' dir='ltr'>Parti-</span> 
     </span>
     <span class='ocr_line' id='line_1_46' title="bbox 281 2135 1147 2195; baseline 0 -15"><span class='ocrx_word' id='word_1_332' title='bbox 281 2150 345 2180; x_wconf 88' lang='lat' dir='ltr'>cula</span> <span class='ocrx_word' id='word_1_333' title='bbox 373 2135 512 2195; x_wconf 44' lang='lat'>”71:373</span> <span class='ocrx_word' id='word_1_334' title='bbox 537 2150 669 2180; x_wconf 77' lang='lat' dir='ltr'>nonnulli</span> <span class='ocrx_word' id='word_1_335' title='bbox 698 2151 732 2180; x_wconf 88' lang='lat' dir='ltr'>de</span> <span class='ocrx_word' id='word_1_336' title='bbox 759 2151 857 2180; x_wconf 76' lang='lat' dir='ltr'>labore</span> <span class='ocrx_word' id='word_1_337' title='bbox 891 2151 1037 2188; x_wconf 80' lang='lat' dir='ltr'>accipiunt</span> <span class='ocrx_word' id='word_1_338' title='bbox 1063 2161 1147 2189; x_wconf 85' lang='lat' dir='ltr'>quem</span> 
     </span>
     <span class='ocr_line' id='line_1_47' title="bbox 281 2189 1148 2228; baseline 0 -10"><span class='ocrx_word' id='word_1_339' title='bbox 281 2190 477 2228; x_wconf 69' lang='lat' dir='ltr'>agriculturae</span> <span class='ocrx_word' id='word_1_340' title='bbox 493 2189 667 2227; x_wconf 75' lang='lat' dir='ltr'>impendunt</span> <span class='ocrx_word' id='word_1_341' title='bbox 683 2190 821 2218; x_wconf 84' lang='lat' dir='ltr'>homiues.</span> <span class='ocrx_word' id='word_1_342' title='bbox 850 2189 926 2218; x_wconf 84' lang='lat' dir='ltr'>Nam</span> <span class='ocrx_word' id='word_1_343' title='bbox 940 2199 1028 2227; x_wconf 87' lang='lat' dir='ltr'>quum</span> <span class='ocrx_word' id='word_1_344' title='bbox 1046 2195 1148 2227; x_wconf 79' lang='lat' dir='ltr'>sponte</span> 
     </span>
     <span class='ocr_line' id='line_1_48' title="bbox 281 2227 1148 2267; baseline 0 -10"><span class='ocrx_word' id='word_1_345' title='bbox 281 2234 309 2257; x_wconf 84' lang='lat' dir='ltr'>et</span> <span class='ocrx_word' id='word_1_346' title='bbox 328 2228 391 2257; x_wconf 85' lang='lat' dir='ltr'>sine</span> <span class='ocrx_word' id='word_1_347' title='bbox 412 2227 539 2257; x_wconf 74' lang='lat' dir='ltr'>humana</span> <span class='ocrx_word' id='word_1_348' title='bbox 566 2227 708 2256; x_wconf 85' lang='lat' dir='ltr'>industria</span> <span class='ocrx_word' id='word_1_349' title='bbox 734 2227 844 2267; x_wconf 65' lang='lat' dir='ltr'>herbae</span> <span class='ocrx_word' id='word_1_350' title='bbox 871 2228 902 2257; x_wconf 84' lang='lat' dir='ltr'>in</span> <span class='ocrx_word' id='word_1_351' title='bbox 926 2228 1074 2257; x_wconf 86' lang='lat' dir='ltr'>montibus</span> <span class='ocrx_word' id='word_1_352' title='bbox 1097 2237 1148 2257; x_wconf 87' lang='lat' dir='ltr'>na·</span> 
     </span>
     <span class='ocr_line' id='line_1_49' title="bbox 281 2266 1148 2304; baseline 0 -9"><span class='ocrx_word' id='word_1_353' title='bbox 281 2272 408 2301; x_wconf 69' lang='lat' dir='ltr'>amatur,</span> <span class='ocrx_word' id='word_1_354' title='bbox 428 2272 541 2303; x_wconf 80' lang='lat' dir='ltr'>segetes</span> <span class='ocrx_word' id='word_1_355' title='bbox 560 2270 591 2295; x_wconf 79' lang='lat' dir='ltr'>et</span> <span class='ocrx_word' id='word_1_356' title='bbox 610 2266 715 2295; x_wconf 82' lang='lat' dir='ltr'>herbas</span> <span class='ocrx_word' id='word_1_357' title='bbox 733 2267 842 2294; x_wconf 81' lang='lat' dir='ltr'>sativae</span> <span class='ocrx_word' id='word_1_358' title='bbox 862 2266 1013 2295; x_wconf 85' lang='lat' dir='ltr'>hominnm</span> <span class='ocrx_word' id='word_1_359' title='bbox 1031 2275 1148 2304; x_wconf 80' lang='lat' dir='ltr'>operam</span> 
     </span>
     <span class='ocr_line' id='line_1_50' title="bbox 281 2303 1148 2342; baseline 0.001 -10"><span class='ocrx_word' id='word_1_360' title='bbox 281 2305 429 2342; x_wconf 83' lang='lat' dir='ltr'>requirere</span> <span class='ocrx_word' id='word_1_361' title='bbox 448 2310 477 2333; x_wconf 86' lang='lat' dir='ltr'>et</span> <span class='ocrx_word' id='word_1_362' title='bbox 501 2303 635 2333; x_wconf 83' lang='lat' dir='ltr'>sudorem</span> <span class='ocrx_word' id='word_1_363' title='bbox 662 2309 763 2333; x_wconf 84' lang='lat' dir='ltr'>notum</span> <span class='ocrx_word' id='word_1_364' title='bbox 790 2309 842 2333; x_wconf 75' lang='lat' dir='ltr'>ost.</span> <span class='ocrx_word' id='word_1_365' title='bbox 883 2305 963 2341; x_wconf 74' lang='lat' dir='ltr'>Ergo</span> <span class='ocrx_word' id='word_1_366' title='bbox 990 2304 1148 2334; x_wconf 79' lang='lat' dir='ltr'>seeundum</span> 
     </span>
     <span class='ocr_line' id='line_1_51' title="bbox 281 2342 1148 2379; baseline -0.001 -6"><span class='ocrx_word' id='word_1_367' title='bbox 281 2351 330 2373; x_wconf 76' lang='lat' dir='ltr'>eos</span> <span class='ocrx_word' id='word_1_368' title='bbox 347 2351 451 2373; x_wconf 85' lang='lat' dir='ltr'>sensus</span> <span class='ocrx_word' id='word_1_369' title='bbox 470 2343 534 2378; x_wconf 71' lang='lat' dir='ltr'>erit,</span> <span class='ocrx_word' id='word_1_370' title='bbox 555 2342 650 2372; x_wconf 85' lang='lat' dir='ltr'>Deum</span> <span class='ocrx_word' id='word_1_371' title='bbox 665 2342 835 2371; x_wconf 82' lang='lat' dir='ltr'>benedicere</span> <span class='ocrx_word' id='word_1_372' title='bbox 848 2342 997 2372; x_wconf 83' lang='lat' dir='ltr'>hominum</span> <span class='ocrx_word' id='word_1_373' title='bbox 1013 2342 1148 2379; x_wconf 77' lang='lat' dir='ltr'>obsequio</span> 
     </span>
     <span class='ocr_line' id='line_1_52' title="bbox 281 2380 1146 2419; baseline -0.001 -9"><span class='ocrx_word' id='word_1_374' title='bbox 281 2381 357 2418; x_wconf 81' lang='lat' dir='ltr'>quod</span> <span class='ocrx_word' id='word_1_375' title='bbox 384 2386 534 2419; x_wconf 71' lang='lat' dir='ltr'>praestent</span> <span class='ocrx_word' id='word_1_376' title='bbox 563 2382 592 2409; x_wconf 85' lang='lat' dir='ltr'>in</span> <span class='ocrx_word' id='word_1_377' title='bbox 623 2389 761 2417; x_wconf 82' lang='lat' dir='ltr'>agrorum</span> <span class='ocrx_word' id='word_1_378' title='bbox 789 2381 878 2410; x_wconf 77' lang='lat' dir='ltr'>cultu.</span> <span class='ocrx_word' id='word_1_379' title='bbox 922 2380 981 2410; x_wconf 75' lang='lat' dir='ltr'>Sed</span> <span class='ocrx_word' id='word_1_380' title='bbox 1011 2382 1146 2418; x_wconf 81' lang='lat' dir='ltr'>quoniam</span> 
     </span>
     <span class='ocr_line' id='line_1_53' title="bbox 281 2419 1148 2457; baseline -0.001 -9"><span class='ocrx_word' id='word_1_381' title='bbox 281 2419 396 2457; x_wconf 74' lang='lat' dir='ltr'>argutis</span> <span class='ocrx_word' id='word_1_382' title='bbox 418 2419 489 2448; x_wconf 77' lang='lat' dir='ltr'>haee</span> <span class='ocrx_word' id='word_1_383' title='bbox 509 2421 649 2447; x_wconf 79' lang='lat' dir='ltr'>coarctior</span> <span class='ocrx_word' id='word_1_384' title='bbox 669 2425 722 2454; x_wconf 83' lang='lat' dir='ltr'>est,</span> <span class='ocrx_word' id='word_1_385' title='bbox 744 2419 849 2448; x_wconf 64' lang='lat' dir='ltr'>rectius</span> <span class='ocrx_word' id='word_1_386' title='bbox 869 2425 1002 2448; x_wconf 83' lang='lat' dir='ltr'>sumetur</span> <span class='ocrx_word' id='word_1_387' title='bbox 1023 2420 1075 2448; x_wconf 87' lang='lat' dir='ltr'>hoc</span> <span class='ocrx_word' id='word_1_388' title='bbox 1096 2429 1148 2447; x_wconf 87' lang='lat' dir='ltr'>no·</span> 
     </span>
     <span class='ocr_line' id='line_1_54' title="bbox 281 2456 1148 2496; baseline -0.001 -9"><span class='ocrx_word' id='word_1_389' title='bbox 281 2467 348 2488; x_wconf 83' lang='lat' dir='ltr'>men</span> <span class='ocrx_word' id='word_1_390' title='bbox 363 2467 415 2496; x_wconf 81' lang='lat' dir='ltr'>pro</span> <span class='ocrx_word' id='word_1_391' title='bbox 432 2457 562 2492; x_wconf 78' lang='lat' dir='ltr'>servitio,</span> <span class='ocrx_word' id='word_1_392' title='bbox 585 2463 617 2486; x_wconf 85' lang='lat' dir='ltr'>ut</span> <span class='ocrx_word' id='word_1_393' title='bbox 632 2456 719 2494; x_wconf 78' lang='lat' dir='ltr'>vulgo</span> <span class='ocrx_word' id='word_1_394' title='bbox 733 2457 900 2495; x_wconf 84' lang='lat' dir='ltr'>loquuntur.</span> <span class='ocrx_word' id='word_1_395' title='bbox 931 2458 1043 2487; x_wconf 83' lang='lat' dir='ltr'>Nomen</span> <span class='ocrx_word' id='word_1_396' title='bbox 1061 2457 1148 2494; x_wconf 71' lang='lat' dir='ltr'>panis</span> 
     </span>
     <span class='ocr_line' id='line_1_55' title="bbox 281 2495 1148 2533; baseline 0 -9"><span class='ocrx_word' id='word_1_397' title='bbox 281 2496 306 2525; x_wconf 88' lang='lat' dir='ltr'>si</span> <span class='ocrx_word' id='word_1_398' title='bbox 325 2497 371 2526; x_wconf 87' lang='lat' dir='ltr'>eui</span> <span class='ocrx_word' id='word_1_399' title='bbox 391 2496 525 2525; x_wconf 83' lang='lat' dir='ltr'>restricte</span> <span class='ocrx_word' id='word_1_400' title='bbox 544 2496 674 2533; x_wconf 75' lang='lat' dir='ltr'>accipere</span> <span class='ocrx_word' id='word_1_401' title='bbox 695 2495 783 2524; x_wconf 83' lang='lat' dir='ltr'>libeat</span> <span class='ocrx_word' id='word_1_402' title='bbox 803 2504 860 2524; x_wconf 84' lang='lat' dir='ltr'>non</span> <span class='ocrx_word' id='word_1_403' title='bbox 884 2504 1031 2533; x_wconf 81' lang='lat' dir='ltr'>repugno,</span> <span class='ocrx_word' id='word_1_404' title='bbox 1057 2504 1148 2532; x_wconf 82' lang='lat' dir='ltr'>quau-</span> 
     </span>
     <span class='ocr_line' id='line_1_56' title="bbox 281 2533 1148 2571; baseline -0.003 -7"><span class='ocrx_word' id='word_1_405' title='bbox 281 2543 368 2571; x_wconf 78' lang='lat' dir='ltr'>quam</span> <span class='ocrx_word' id='word_1_406' title='bbox 396 2534 543 2571; x_wconf 82' lang='lat' dir='ltr'>probabile</span> <span class='ocrx_word' id='word_1_407' title='bbox 567 2539 613 2563; x_wconf 83' lang='lat' dir='ltr'>eet</span> <span class='ocrx_word' id='word_1_408' title='bbox 639 2534 762 2570; x_wconf 81' lang='lat' dir='ltr'>reliquos</span> <span class='ocrx_word' id='word_1_409' title='bbox 792 2533 872 2561; x_wconf 74' lang='lat' dir='ltr'>eibos</span> <span class='ocrx_word' id='word_1_410' title='bbox 901 2535 988 2563; x_wconf 77' lang='lat' dir='ltr'>etiam</span> <span class='ocrx_word' id='word_1_411' title='bbox 1018 2543 1148 2570; x_wconf 84' lang='lat' dir='ltr'>compre-</span> 
     </span>
    </p>
   </div>
   <div class='ocr_carea' id='block_1_3' title="bbox 1175 430 2070 470">
    <p class='ocr_par' dir='ltr' id='par_1_4' title="bbox 1175 430 2070 470">
     <span class='ocr_line' id='line_1_57' title="bbox 1175 430 2070 470; baseline 0.003 -10"><span class='ocrx_word' id='word_1_412' title='bbox 1175 431 1179 436; x_wconf 83' lang='grc'><strong>’</strong></span> <span class='ocrx_word' id='word_1_413' title='bbox 1202 430 1309 461; x_wconf 80' lang='lat' dir='ltr'>hendi:</span> <span class='ocrx_word' id='word_1_414' title='bbox 1335 434 1450 460; x_wconf 81' lang='lat' dir='ltr'>tantum</span> <span class='ocrx_word' id='word_1_415' title='bbox 1471 430 1544 460; x_wconf 78' lang='lat' dir='ltr'>mibi</span> <span class='ocrx_word' id='word_1_416' title='bbox 1563 430 1696 468; x_wconf 78' lang='lat' dir='ltr'>displicet</span> <span class='ocrx_word' id='word_1_417' title='bbox 1715 440 1814 462; x_wconf 85' lang='lat' dir='ltr'>eorum</span> <span class='ocrx_word' id='word_1_418' title='bbox 1835 433 1982 463; x_wconf 75' lang='lat' dir='ltr'>sententia</span> <span class='ocrx_word' id='word_1_419' title='bbox 2001 433 2070 470; x_wconf 76' lang='lat' dir='ltr'>quia</span> 
     </span>
    </p>
   </div>
   <div class='ocr_carea' id='block_1_4' title="bbox 1195 469 2072 2570">
    <p class='ocr_par' dir='ltr' id='par_1_5' title="bbox 1201 469 2072 776">
     <span class='ocr_line' id='line_1_58' title="bbox 1201 469 2070 507; baseline 0.003 -9"><span class='ocrx_word' id='word_1_420' title='bbox 1201 479 1309 507; x_wconf 80' lang='lat' dir='ltr'>panem</span> <span class='ocrx_word' id='word_1_421' title='bbox 1327 469 1496 498; x_wconf 79' lang='lat' dir='ltr'>exeludunt.</span> <span class='ocrx_word' id='word_1_422' title='bbox 1535 469 1660 498; x_wconf 74' lang='lat' dir='ltr'>Infirma</span> <span class='ocrx_word' id='word_1_423' title='bbox 1679 476 1776 499; x_wconf 82' lang='lat' dir='ltr'>autem</span> <span class='ocrx_word' id='word_1_424' title='bbox 1797 475 1842 500; x_wconf 87' lang='lat' dir='ltr'>est</span> <span class='ocrx_word' id='word_1_425' title='bbox 1867 479 1967 500; x_wconf 79' lang='lat' dir='ltr'>eorum</span> <span class='ocrx_word' id='word_1_426' title='bbox 1986 471 2070 506; x_wconf 74' lang='lat' dir='ltr'>ratio.</span> 
     </span>
     <span class='ocr_line' id='line_1_59' title="bbox 1202 507 2071 548; baseline 0.002 -12"><span class='ocrx_word' id='word_1_427' title='bbox 1202 507 1270 544; x_wconf 84' lang='lat' dir='ltr'>quia</span> <span class='ocrx_word' id='word_1_428' title='bbox 1290 507 1377 544; x_wconf 79' lang='lat' dir='ltr'>paulo</span> <span class='ocrx_word' id='word_1_429' title='bbox 1400 511 1467 545; x_wconf 86' lang='lat' dir='ltr'>poet</span> <span class='ocrx_word' id='word_1_430' title='bbox 1493 507 1647 536; x_wconf 82' lang='lat' dir='ltr'>subiicitur</span> <span class='ocrx_word' id='word_1_431' title='bbox 1670 508 1747 537; x_wconf 89' lang='lat' dir='ltr'>alius</span> <span class='ocrx_word' id='word_1_432' title='bbox 1774 509 1861 547; x_wconf 79' lang='lat' dir='ltr'>panis</span> <span class='ocrx_word' id='word_1_433' title='bbox 1884 518 1971 546; x_wconf 78' lang='lat' dir='ltr'>usne,</span> <span class='ocrx_word' id='word_1_434' title='bbox 1996 509 2071 548; x_wconf 82' lang='lat' dir='ltr'>quod</span> 
     </span>
     <span class='ocr_line' id='line_1_60' title="bbox 1201 545 2072 584; baseline 0.003 -10"><span class='ocrx_word' id='word_1_435' title='bbox 1201 546 1312 576; x_wconf 80' lang='lat' dir='ltr'>scilicet</span> <span class='ocrx_word' id='word_1_436' title='bbox 1341 555 1391 575; x_wconf 87' lang='lat' dir='ltr'>eor</span> <span class='ocrx_word' id='word_1_437' title='bbox 1417 545 1545 575; x_wconf 84' lang='lat' dir='ltr'>hominis</span> <span class='ocrx_word' id='word_1_438' title='bbox 1574 546 1740 576; x_wconf 80' lang='lat' dir='ltr'>confirmet:</span> <span class='ocrx_word' id='word_1_439' title='bbox 1772 547 1841 584; x_wconf 82' lang='lat' dir='ltr'>qnia</span> <span class='ocrx_word' id='word_1_440' title='bbox 1868 546 1928 577; x_wconf 88' lang='lat' dir='ltr'>illic</span> <span class='ocrx_word' id='word_1_441' title='bbox 1957 547 2072 578; x_wconf 77' lang='lat' dir='ltr'>diverso</span> 
     </span>
     <span class='ocr_line' id='line_1_61' title="bbox 1202 583 2071 623; baseline 0.003 -10"><span class='ocrx_word' id='word_1_442' title='bbox 1202 583 1286 613; x_wconf 86' lang='lat' dir='ltr'>modo</span> <span class='ocrx_word' id='word_1_443' title='bbox 1306 593 1354 612; x_wconf 77' lang='lat' dir='ltr'>ree</span> <span class='ocrx_word' id='word_1_444' title='bbox 1373 583 1473 613; x_wconf 80' lang='lat' dir='ltr'>eadem</span> <span class='ocrx_word' id='word_1_445' title='bbox 1493 583 1677 621; x_wconf 68' lang='lat' dir='ltr'>exprimitur.</span> <span class='ocrx_word' id='word_1_446' title='bbox 1716 584 1861 623; x_wconf 78' lang='lat' dir='ltr'>Intelligit</span> <span class='ocrx_word' id='word_1_447' title='bbox 1886 589 1982 615; x_wconf 82' lang='lat' dir='ltr'>autem</span> <span class='ocrx_word' id='word_1_448' title='bbox 2023 595 2071 616; x_wconf 85' lang='lat' dir='ltr'>ro-</span> 
     </span>
     <span class='ocr_line' id='line_1_62' title="bbox 1203 621 2071 661; baseline 0.003 -11"><span class='ocrx_word' id='word_1_449' title='bbox 1203 622 1292 659; x_wconf 81' lang='lat' dir='ltr'>pheta</span> <span class='ocrx_word' id='word_1_450' title='bbox 1306 621 1403 650; x_wconf 88' lang='lat' dir='ltr'>Deum</span> <span class='ocrx_word' id='word_1_451' title='bbox 1421 621 1579 659; x_wconf 84' lang='lat' dir='ltr'>producere</span> <span class='ocrx_word' id='word_1_452' title='bbox 1595 622 1715 652; x_wconf 81' lang='lat' dir='ltr'>herbam</span> <span class='ocrx_word' id='word_1_453' title='bbox 1732 623 1900 653; x_wconf 82' lang='lat' dir='ltr'>hominibus</span> <span class='ocrx_word' id='word_1_454' title='bbox 1915 633 1973 661; x_wconf 76' lang='lat' dir='ltr'>qua</span> <span class='ocrx_word' id='word_1_455' title='bbox 1990 633 2007 653; x_wconf 86' lang='lat' dir='ltr'>a</span> <span class='ocrx_word' id='word_1_456' title='bbox 2018 633 2071 653; x_wconf 78' lang='lat' dir='ltr'>an-</span> 
     </span>
     <span class='ocr_line' id='line_1_63' title="bbox 1202 660 2071 699; baseline 0.002 -10"><span class='ocrx_word' id='word_1_457' title='bbox 1202 666 1264 695; x_wconf 83' lang='lat' dir='ltr'>tur,</span> <span class='ocrx_word' id='word_1_458' title='bbox 1291 669 1351 689; x_wconf 83' lang='lat' dir='ltr'>non</span> <span class='ocrx_word' id='word_1_459' title='bbox 1369 660 1455 689; x_wconf 87' lang='lat' dir='ltr'>modo</span> <span class='ocrx_word' id='word_1_460' title='bbox 1474 660 1543 698; x_wconf 82' lang='lat' dir='ltr'>qnia</span> <span class='ocrx_word' id='word_1_461' title='bbox 1563 660 1672 690; x_wconf 81' lang='lat' dir='ltr'>vietum</span> <span class='ocrx_word' id='word_1_462' title='bbox 1692 661 1722 690; x_wconf 91' lang='lat' dir='ltr'>in</span> <span class='ocrx_word' id='word_1_463' title='bbox 1745 661 1840 691; x_wconf 85' lang='lat' dir='ltr'>tritico</span> <span class='ocrx_word' id='word_1_464' title='bbox 1866 665 1946 691; x_wconf 84' lang='lat' dir='ltr'>terra</span> <span class='ocrx_word' id='word_1_465' title='bbox 1964 672 2071 699; x_wconf 80' lang='lat' dir='ltr'>suppe—</span> 
     </span>
     <span class='ocr_line' id='line_1_64' title="bbox 1202 697 2072 738; baseline 0.003 -11"><span class='ocrx_word' id='word_1_466' title='bbox 1202 698 1291 733; x_wconf 77' lang='lat' dir='ltr'>ditat,</span> <span class='ocrx_word' id='word_1_467' title='bbox 1317 697 1368 727; x_wconf 85' lang='lat' dir='ltr'>sed</span> <span class='ocrx_word' id='word_1_468' title='bbox 1389 698 1477 727; x_wconf 84' lang='lat' dir='ltr'>etiam</span> <span class='ocrx_word' id='word_1_469' title='bbox 1497 697 1528 727; x_wconf 90' lang='lat' dir='ltr'>in</span> <span class='ocrx_word' id='word_1_470' title='bbox 1549 698 1649 728; x_wconf 83' lang='lat' dir='ltr'>herbis</span> <span class='ocrx_word' id='word_1_471' title='bbox 1672 703 1703 728; x_wconf 83' lang='lat' dir='ltr'>et</span> <span class='ocrx_word' id='word_1_472' title='bbox 1727 698 1792 729; x_wconf 81' lang='lat' dir='ltr'>aliis</span> <span class='ocrx_word' id='word_1_473' title='bbox 1817 699 1973 730; x_wconf 82' lang='lat' dir='ltr'>fructibus:</span> <span class='ocrx_word' id='word_1_474' title='bbox 2004 701 2072 738; x_wconf 77' lang='lat' dir='ltr'>quia</span> 
     </span>
     <span class='ocr_line' id='line_1_65' title="bbox 1201 736 1923 776; baseline 0.003 -11"><span class='ocrx_word' id='word_1_475' title='bbox 1201 747 1260 766; x_wconf 85' lang='lat' dir='ltr'>non</span> <span class='ocrx_word' id='word_1_476' title='bbox 1280 747 1339 766; x_wconf 85' lang='lat' dir='ltr'>uno</span> <span class='ocrx_word' id='word_1_477' title='bbox 1358 740 1473 765; x_wconf 77' lang='lat' dir='ltr'>tuntum</span> <span class='ocrx_word' id='word_1_478' title='bbox 1493 746 1600 773; x_wconf 83' lang='lat' dir='ltr'>genere</span> <span class='ocrx_word' id='word_1_479' title='bbox 1619 736 1749 766; x_wconf 79' lang='lat' dir='ltr'>alimenti</span> <span class='ocrx_word' id='word_1_480' title='bbox 1767 738 1923 776; x_wconf 80' lang='lat' dir='ltr'>pascimur.</span> 
     </span>
    </p>

    <p class='ocr_par' dir='ltr' id='par_1_6' title="bbox 1195 774 2071 2570">
     <span class='ocr_line' id='line_1_66' title="bbox 1278 774 2069 814; baseline 0.003 -10"><span class='ocrx_word' id='word_1_481' title='bbox 1278 775 1325 804; x_wconf 82' lang='lat'>15.</span> <span class='ocrx_word' id='word_1_482' title='bbox 1353 774 1476 812; x_wconf 66' lang='lat' dir='ltr'>(Vinum</span> <span class='ocrx_word' id='word_1_483' title='bbox 1505 774 1657 814; x_wconf 64' lang='lat' dir='ltr'>laetificat.)</span> <span class='ocrx_word' id='word_1_484' title='bbox 1705 775 1763 805; x_wconf 83' lang='lat' dir='ltr'>His</span> <span class='ocrx_word' id='word_1_485' title='bbox 1794 775 1889 806; x_wconf 73' lang='lat' dir='ltr'>verbis</span> <span class='ocrx_word' id='word_1_486' title='bbox 1923 775 2069 812; x_wconf 78' lang='lat' dir='ltr'>admonet,</span> 
     </span>
     <span class='ocr_line' id='line_1_67' title="bbox 1201 811 2071 853; baseline 0.003 -12"><span class='ocrx_word' id='word_1_487' title='bbox 1201 811 1300 842; x_wconf 81' lang='lat' dir='ltr'>Deum</span> <span class='ocrx_word' id='word_1_488' title='bbox 1323 822 1382 842; x_wconf 87' lang='lat' dir='ltr'>non</span> <span class='ocrx_word' id='word_1_489' title='bbox 1409 811 1494 842; x_wconf 87' lang='lat' dir='ltr'>modo</span> <span class='ocrx_word' id='word_1_490' title='bbox 1521 813 1684 850; x_wconf 70' lang='lat' dir='ltr'>prospicere</span> <span class='ocrx_word' id='word_1_491' title='bbox 1713 812 1865 844; x_wconf 82' lang='lat' dir='ltr'>hominum</span> <span class='ocrx_word' id='word_1_492' title='bbox 1896 814 2071 853; x_wconf 77' lang='lat' dir='ltr'>neooeeitati,</span> 
     </span>
     <span class='ocr_line' id='line_1_68' title="bbox 1202 851 2071 889; baseline 0.002 -9"><span class='ocrx_word' id='word_1_493' title='bbox 1202 855 1230 880; x_wconf 79' lang='lat' dir='ltr'>et</span> <span class='ocrx_word' id='word_1_494' title='bbox 1250 851 1350 889; x_wconf 79' lang='lat' dir='ltr'>largiri</span> <span class='ocrx_word' id='word_1_495' title='bbox 1371 856 1512 889; x_wconf 75' lang='lat' dir='ltr'>qnantum</span> <span class='ocrx_word' id='word_1_496' title='bbox 1542 851 1579 880; x_wconf 84' lang='lat' dir='ltr'>ad</span> <span class='ocrx_word' id='word_1_497' title='bbox 1604 851 1766 881; x_wconf 85' lang='lat' dir='ltr'>ordinarios</span> <span class='ocrx_word' id='word_1_498' title='bbox 1792 852 1869 882; x_wconf 81' lang='lat' dir='ltr'>vitae</span> <span class='ocrx_word' id='word_1_499' title='bbox 1894 861 1964 882; x_wconf 78' lang='lat' dir='ltr'>usus</span> <span class='ocrx_word' id='word_1_500' title='bbox 1989 853 2071 882; x_wconf 82' lang='lat' dir='ltr'>suffi-</span> 
     </span>
     <span class='ocr_line' id='line_1_69' title="bbox 1202 889 2070 927; baseline 0.002 -9"><span class='ocrx_word' id='word_1_501' title='bbox 1202 890 1270 919; x_wconf 80' lang='lat' dir='ltr'>cia&#39;t:</span> <span class='ocrx_word' id='word_1_502' title='bbox 1291 890 1342 919; x_wconf 84' lang='lat' dir='ltr'>sed</span> <span class='ocrx_word' id='word_1_503' title='bbox 1361 899 1415 927; x_wconf 82' lang='lat' dir='ltr'>pro</span> <span class='ocrx_word' id='word_1_504' title='bbox 1433 898 1488 918; x_wconf 85' lang='lat' dir='ltr'>ena</span> <span class='ocrx_word' id='word_1_505' title='bbox 1506 889 1688 926; x_wconf 78' lang='lat' dir='ltr'>indulgentia</span> <span class='ocrx_word' id='word_1_506' title='bbox 1702 889 1853 919; x_wconf 71' lang='lat' dir='ltr'>liberalius</span> <span class='ocrx_word' id='word_1_507' title='bbox 1868 899 1919 920; x_wconf 78' lang='lat' dir='ltr'>coa</span> <span class='ocrx_word' id='word_1_508' title='bbox 1934 894 2070 927; x_wconf 75' lang='lat' dir='ltr'>tractare,</span> 
     </span>
     <span class='ocr_line' id='line_1_70' title="bbox 1201 927 2070 966; baseline 0.001 -9"><span class='ocrx_word' id='word_1_509' title='bbox 1201 928 1270 957; x_wconf 87' lang='lat' dir='ltr'>dum</span> <span class='ocrx_word' id='word_1_510' title='bbox 1291 927 1378 958; x_wconf 80' lang='lat' dir='ltr'>eorda</span> <span class='ocrx_word' id='word_1_511' title='bbox 1396 927 1545 957; x_wconf 81' lang='lat' dir='ltr'>exhilarat</span> <span class='ocrx_word' id='word_1_512' title='bbox 1563 928 1633 957; x_wconf 80' lang='lat' dir='ltr'>vino</span> <span class='ocrx_word' id='word_1_513' title='bbox 1646 932 1676 957; x_wconf 88' lang='lat' dir='ltr'>et</span> <span class='ocrx_word' id='word_1_514' title='bbox 1691 927 1760 958; x_wconf 88' lang='lat' dir='ltr'>oleo.</span> <span class='ocrx_word' id='word_1_515' title='bbox 1791 928 1866 958; x_wconf 82' lang='lat' dir='ltr'>Nam</span> <span class='ocrx_word' id='word_1_516' title='bbox 1887 934 1965 958; x_wconf 82' lang='lat' dir='ltr'>certe</span> <span class='ocrx_word' id='word_1_517' title='bbox 1978 938 2070 966; x_wconf 84' lang='lat' dir='ltr'>aquae</span> 
     </span>
     <span class='ocr_line' id='line_1_71' title="bbox 1200 966 2070 1005; baseline 0.003 -11"><span class='ocrx_word' id='word_1_518' title='bbox 1200 970 1270 1003; x_wconf 86' lang='lat' dir='ltr'>potu</span> <span class='ocrx_word' id='word_1_519' title='bbox 1290 970 1430 996; x_wconf 80' lang='lat' dir='ltr'>contenta</span> <span class='ocrx_word' id='word_1_520' title='bbox 1448 973 1525 995; x_wconf 81' lang='lat' dir='ltr'>eeaet</span> <span class='ocrx_word' id='word_1_521' title='bbox 1550 970 1670 1001; x_wconf 71' lang='lat' dir='ltr'>natum,</span> <span class='ocrx_word' id='word_1_522' title='bbox 1698 975 1768 1004; x_wconf 81' lang='lat' dir='ltr'>ergo</span> <span class='ocrx_word' id='word_1_523' title='bbox 1794 975 1832 996; x_wconf 84' lang='lat' dir='ltr'>ex</span> <span class='ocrx_word' id='word_1_524' title='bbox 1851 966 1907 996; x_wconf 83' lang='lat' dir='ltr'>Dei</span> <span class='ocrx_word' id='word_1_525' title='bbox 1932 967 2070 1005; x_wconf 74' lang='lat' dir='ltr'>largitate</span> 
     </span>
     <span class='ocr_line' id='line_1_72' title="bbox 1200 1003 2070 1042; baseline 0.003 -10"><span class='ocrx_word' id='word_1_526' title='bbox 1200 1009 1244 1032; x_wconf 81' lang='lat' dir='ltr'>est</span> <span class='ocrx_word' id='word_1_527' title='bbox 1265 1005 1326 1033; x_wconf 80' lang='lat' dir='ltr'>vini</span> <span class='ocrx_word' id='word_1_528' title='bbox 1346 1005 1480 1034; x_wconf 66' lang='lat' dir='ltr'>accessio.</span> <span class='ocrx_word' id='word_1_529' title='bbox 1520 1003 1607 1040; x_wconf 73' lang='lat' dir='ltr'>Quod</span> <span class='ocrx_word' id='word_1_530' title='bbox 1627 1003 1697 1034; x_wconf 83' lang='lat' dir='ltr'>dioit</span> <span class='ocrx_word' id='word_1_531' title='bbox 1722 1005 1864 1034; x_wconf 60' lang='lat' dir='ltr'>illustrari</span> <span class='ocrx_word' id='word_1_532' title='bbox 1889 1005 1978 1042; x_wconf 70' lang='lat' dir='ltr'>facies</span> <span class='ocrx_word' id='word_1_533' title='bbox 2002 1005 2070 1040; x_wconf 73' lang='lat' dir='ltr'>oleo,</span> 
     </span>
     <span class='ocr_line' id='line_1_73' title="bbox 1201 1041 2068 1080; baseline 0.001 -9"><span class='ocrx_word' id='word_1_534' title='bbox 1201 1043 1283 1072; x_wconf 75' lang='lat' dir='ltr'>varie</span> <span class='ocrx_word' id='word_1_535' title='bbox 1301 1042 1469 1080; x_wconf 72' lang='lat' dir='ltr'>exponitur.</span> <span class='ocrx_word' id='word_1_536' title='bbox 1507 1041 1584 1071; x_wconf 79' lang='lat' dir='ltr'>Nam</span> <span class='ocrx_word' id='word_1_537' title='bbox 1612 1042 1681 1079; x_wconf 76' lang='lat' dir='ltr'>quia</span> <span class='ocrx_word' id='word_1_538' title='bbox 1708 1042 1826 1072; x_wconf 82' lang='lat' dir='ltr'>tristitia</span> <span class='ocrx_word' id='word_1_539' title='bbox 1850 1043 2000 1072; x_wconf 72' lang='lat' dir='ltr'>obnubilat</span> <span class='ocrx_word' id='word_1_540' title='bbox 2026 1044 2068 1072; x_wconf 80' lang='lat' dir='ltr'>fn-</span> 
     </span>
     <span class='ocr_line' id='line_1_74' title="bbox 1200 1080 2070 1118; baseline 0.001 -8"><span class='ocrx_word' id='word_1_541' title='bbox 1200 1081 1284 1115; x_wconf 85' lang='lat' dir='ltr'>ciem,</span> <span class='ocrx_word' id='word_1_542' title='bbox 1303 1080 1421 1117; x_wconf 81' lang='lat' dir='ltr'>qnidam</span> <span class='ocrx_word' id='word_1_543' title='bbox 1436 1080 1604 1118; x_wconf 70' lang='lat' dir='ltr'>intelligunt</span> <span class='ocrx_word' id='word_1_544' title='bbox 1620 1080 1715 1110; x_wconf 83' lang='lat' dir='ltr'>nitere</span> <span class='ocrx_word' id='word_1_545' title='bbox 1731 1081 1841 1110; x_wconf 83' lang='lat' dir='ltr'>laetitia</span> <span class='ocrx_word' id='word_1_546' title='bbox 1856 1081 1925 1110; x_wconf 83' lang='lat' dir='ltr'>dum</span> <span class='ocrx_word' id='word_1_547' title='bbox 1942 1089 2070 1111; x_wconf 86' lang='lat' dir='ltr'>commo—</span> 
     </span>
     <span class='ocr_line' id='line_1_75' title="bbox 1200 1118 2069 1155; baseline 0.002 -8"><span class='ocrx_word' id='word_1_548' title='bbox 1200 1118 1289 1147; x_wconf 77' lang='lat' dir='ltr'>ditate</span> <span class='ocrx_word' id='word_1_549' title='bbox 1309 1119 1373 1147; x_wconf 80' lang='lat' dir='ltr'>vini</span> <span class='ocrx_word' id='word_1_550' title='bbox 1391 1124 1423 1148; x_wconf 87' lang='lat' dir='ltr'>et</span> <span class='ocrx_word' id='word_1_551' title='bbox 1447 1119 1502 1148; x_wconf 84' lang='lat' dir='ltr'>olei</span> <span class='ocrx_word' id='word_1_552' title='bbox 1528 1119 1666 1148; x_wconf 80' lang='lat' dir='ltr'>fruuntur</span> <span class='ocrx_word' id='word_1_553' title='bbox 1690 1118 1831 1148; x_wconf 80' lang='lat' dir='ltr'>homines.</span> <span class='ocrx_word' id='word_1_554' title='bbox 1870 1118 1996 1155; x_wconf 80' lang='lat' dir='ltr'>Quidam</span> <span class='ocrx_word' id='word_1_555' title='bbox 2023 1129 2069 1149; x_wconf 81' lang='lat' dir='ltr'>ar-</span> 
     </span>
     <span class='ocr_line' id='line_1_76' title="bbox 1200 1156 2068 1194; baseline 0.001 -8"><span class='ocrx_word' id='word_1_556' title='bbox 1200 1157 1299 1194; x_wconf 80' lang='lat' dir='ltr'>gutius</span> <span class='ocrx_word' id='word_1_557' title='bbox 1326 1157 1364 1186; x_wconf 83' lang='lat' dir='ltr'>ad</span> <span class='ocrx_word' id='word_1_558' title='bbox 1394 1157 1528 1186; x_wconf 83' lang='lat' dir='ltr'>lucernae</span> <span class='ocrx_word' id='word_1_559' title='bbox 1556 1156 1701 1186; x_wconf 72' lang='lat' dir='ltr'>referunt:</span> <span class='ocrx_word' id='word_1_560' title='bbox 1731 1156 1807 1194; x_wconf 87' lang='lat' dir='ltr'>quod</span> <span class='ocrx_word' id='word_1_561' title='bbox 1837 1157 1951 1186; x_wconf 77' lang='lat' dir='ltr'>ratione</span> <span class='ocrx_word' id='word_1_562' title='bbox 1980 1164 2068 1187; x_wconf 80' lang='lat' dir='ltr'>caret.</span> 
     </span>
     <span class='ocr_line' id='line_1_77' title="bbox 1200 1194 2068 1233; baseline 0.001 -9"><span class='ocrx_word' id='word_1_563' title='bbox 1200 1195 1260 1224; x_wconf 87' lang='lat' dir='ltr'>Alii</span> <span class='ocrx_word' id='word_1_564' title='bbox 1282 1195 1395 1224; x_wconf 71' lang='lat' dir='ltr'>literam</span> <span class='ocrx_word' id='word_1_565' title='bbox 1415 1201 1442 1232; x_wconf 63' lang='grc' dir='ltr'>ῃ</span> <span class='ocrx_word' id='word_1_566' title='bbox 1461 1194 1660 1232; x_wconf 77' lang='lat' dir='ltr'>comparative</span> <span class='ocrx_word' id='word_1_567' title='bbox 1679 1195 1839 1233; x_wconf 80' lang='lat' dir='ltr'>aecipiunt:</span> <span class='ocrx_word' id='word_1_568' title='bbox 1860 1203 1895 1225; x_wconf 77' lang='lat' dir='ltr'>ae</span> <span class='ocrx_word' id='word_1_569' title='bbox 1913 1195 1939 1225; x_wconf 85' lang='lat' dir='ltr'>si</span> <span class='ocrx_word' id='word_1_570' title='bbox 1959 1195 2068 1225; x_wconf 75' lang='lat' dir='ltr'>dictum</span> 
     </span>
     <span class='ocr_line' id='line_1_78' title="bbox 1200 1233 2068 1270; baseline 0.001 -8"><span class='ocrx_word' id='word_1_571' title='bbox 1200 1237 1291 1268; x_wconf 79' lang='lat' dir='ltr'>esset,</span> <span class='ocrx_word' id='word_1_572' title='bbox 1318 1234 1412 1262; x_wconf 82' lang='lat' dir='ltr'>nitore</span> <span class='ocrx_word' id='word_1_573' title='bbox 1432 1234 1526 1270; x_wconf 75' lang='lat' dir='ltr'>magis</span> <span class='ocrx_word' id='word_1_574' title='bbox 1545 1233 1697 1262; x_wconf 86' lang='lat' dir='ltr'>hominum</span> <span class='ocrx_word' id='word_1_575' title='bbox 1718 1233 1806 1263; x_wconf 78' lang='lat' dir='ltr'>facies</span> <span class='ocrx_word' id='word_1_576' title='bbox 1831 1233 1901 1262; x_wconf 83' lang='lat' dir='ltr'>vino</span> <span class='ocrx_word' id='word_1_577' title='bbox 1927 1242 2014 1270; x_wconf 79' lang='lat' dir='ltr'>quam</span> <span class='ocrx_word' id='word_1_578' title='bbox 2043 1234 2068 1263; x_wconf 89' lang='lat' dir='ltr'>si</span> 
     </span>
     <span class='ocr_line' id='line_1_79' title="bbox 1198 1270 2068 1309; baseline 0 -9"><span class='ocrx_word' id='word_1_579' title='bbox 1198 1271 1261 1300; x_wconf 85' lang='lat' dir='ltr'>oleo</span> <span class='ocrx_word' id='word_1_580' title='bbox 1281 1275 1439 1309; x_wconf 82' lang='lat' dir='ltr'>perunctae</span> <span class='ocrx_word' id='word_1_581' title='bbox 1458 1275 1565 1300; x_wconf 81' lang='lat' dir='ltr'>essent.</span> <span class='ocrx_word' id='word_1_582' title='bbox 1605 1271 1670 1309; x_wconf 77' lang='lat' dir='ltr'>Ego</span> <span class='ocrx_word' id='word_1_583' title='bbox 1691 1281 1761 1300; x_wconf 84' lang='lat' dir='ltr'>vero</span> <span class='ocrx_word' id='word_1_584' title='bbox 1782 1280 1841 1300; x_wconf 86' lang='lat' dir='ltr'>non</span> <span class='ocrx_word' id='word_1_585' title='bbox 1870 1270 1969 1300; x_wconf 78' lang='lat' dir='ltr'>dubito</span> <span class='ocrx_word' id='word_1_586' title='bbox 1996 1272 2068 1309; x_wconf 78' lang='lat' dir='ltr'>quin</span> 
     </span>
     <span class='ocr_line' id='line_1_80' title="bbox 1200 1309 2069 1348; baseline 0.001 -10"><span class='ocrx_word' id='word_1_587' title='bbox 1200 1310 1236 1338; x_wconf 83' lang='lat' dir='ltr'>de</span> <span class='ocrx_word' id='word_1_588' title='bbox 1262 1310 1421 1348; x_wconf 79' lang='lat' dir='ltr'>ungnentis</span> <span class='ocrx_word' id='word_1_589' title='bbox 1450 1309 1588 1347; x_wconf 82' lang='lat' dir='ltr'>loquatur</span> <span class='ocrx_word' id='word_1_590' title='bbox 1617 1309 1774 1347; x_wconf 75' lang='lat' dir='ltr'>propheta,</span> <span class='ocrx_word' id='word_1_591' title='bbox 1802 1309 1857 1340; x_wconf 78' lang='lat' dir='ltr'>hoo</span> <span class='ocrx_word' id='word_1_592' title='bbox 1886 1309 1964 1339; x_wconf 87' lang='lat' dir='ltr'>enim</span> <span class='ocrx_word' id='word_1_593' title='bbox 1993 1309 2069 1347; x_wconf 65' lang='lat' dir='ltr'>vult,</span> 
     </span>
     <span class='ocr_line' id='line_1_81' title="bbox 1199 1347 2068 1384; baseline 0 -8"><span class='ocrx_word' id='word_1_594' title='bbox 1199 1347 1297 1377; x_wconf 79' lang='lat' dir='ltr'>Deum</span> <span class='ocrx_word' id='word_1_595' title='bbox 1317 1357 1376 1377; x_wconf 86' lang='lat' dir='ltr'>non</span> <span class='ocrx_word' id='word_1_596' title='bbox 1396 1347 1483 1377; x_wconf 84' lang='lat' dir='ltr'>modo</span> <span class='ocrx_word' id='word_1_597' title='bbox 1503 1356 1622 1384; x_wconf 74' lang='lat' dir='ltr'>erogare</span> <span class='ocrx_word' id='word_1_598' title='bbox 1643 1347 1809 1377; x_wconf 84' lang='lat' dir='ltr'>bominibus</span> <span class='ocrx_word' id='word_1_599' title='bbox 1834 1348 1910 1384; x_wconf 84' lang='lat' dir='ltr'>quod</span> <span class='ocrx_word' id='word_1_600' title='bbox 1936 1349 2010 1377; x_wconf 79' lang='lat' dir='ltr'>satia</span> <span class='ocrx_word' id='word_1_601' title='bbox 2029 1349 2068 1378; x_wconf 85' lang='lat' dir='ltr'>sit</span> 
     </span>
     <span class='ocr_line' id='line_1_82' title="bbox 1198 1385 2067 1453; baseline 0 -39"><span class='ocrx_word' id='word_1_602' title='bbox 1198 1386 1236 1414; x_wconf 82' lang='lat' dir='ltr'>ad</span> <span class='ocrx_word' id='word_1_603' title='bbox 1255 1386 1399 1453; x_wconf 72' lang='lat' dir='ltr'>frudgslem</span> <span class='ocrx_word' id='word_1_604' title='bbox 1419 1395 1519 1421; x_wconf 81' lang='lat' dir='ltr'>usum,</span> <span class='ocrx_word' id='word_1_605' title='bbox 1538 1385 1589 1414; x_wconf 83' lang='lat' dir='ltr'>ssd</span> <span class='ocrx_word' id='word_1_606' title='bbox 1611 1385 1733 1414; x_wconf 82' lang='lat' dir='ltr'>ulterius</span> <span class='ocrx_word' id='word_1_607' title='bbox 1751 1385 1904 1424; x_wconf 75' lang='lat' dir='ltr'>progredi,</span> <span class='ocrx_word' id='word_1_608' title='bbox 1931 1385 2003 1414; x_wconf 82' lang='lat' dir='ltr'>dum</span> <span class='ocrx_word' id='word_1_609' title='bbox 2020 1395 2067 1414; x_wconf 85' lang='lat' dir='ltr'>eo-</span> 
     </span>
     <span class='ocr_line' id='line_1_83' title="bbox 1199 1423 2069 1462; baseline 0.001 -9"><span class='ocrx_word' id='word_1_610' title='bbox 1199 1433 1264 1454; x_wconf 86' lang='lat' dir='ltr'>rum</span> <span class='ocrx_word' id='word_1_611' title='bbox 1314 1423 1407 1454; x_wconf 86' lang='lat' dir='ltr'>eliciis</span> <span class='ocrx_word' id='word_1_612' title='bbox 1435 1424 1576 1462; x_wconf 74' lang='lat' dir='ltr'>indulget.</span> <span class='ocrx_word' id='word_1_613' title='bbox 1621 1423 1667 1454; x_wconf 87' lang='lat' dir='ltr'>Ac</span> <span class='ocrx_word' id='word_1_614' title='bbox 1694 1430 1873 1462; x_wconf 81' lang='lat' dir='ltr'>postremum</span> <span class='ocrx_word' id='word_1_615' title='bbox 1902 1423 2069 1454; x_wconf 81' lang='lat' dir='ltr'>membrum</span> 
     </span>
     <span class='ocr_line' id='line_1_84' title="bbox 1198 1462 2067 1500; baseline 0.001 -9"><span class='ocrx_word' id='word_1_616' title='bbox 1198 1463 1250 1491; x_wconf 85' lang='lat' dir='ltr'>uhi</span> <span class='ocrx_word' id='word_1_617' title='bbox 1269 1463 1341 1492; x_wconf 82' lang='lat' dir='ltr'>dicit</span> <span class='ocrx_word' id='word_1_618' title='bbox 1353 1471 1458 1499; x_wconf 72' lang='lat' dir='ltr'>panem</span> <span class='ocrx_word' id='word_1_619' title='bbox 1478 1471 1524 1492; x_wconf 77' lang='lat' dir='ltr'>cor</span> <span class='ocrx_word' id='word_1_620' title='bbox 1543 1462 1663 1491; x_wconf 69' lang='lat' dir='ltr'>hominis</span> <span class='ocrx_word' id='word_1_621' title='bbox 1680 1463 1795 1499; x_wconf 65' lang='lat' dir='ltr'>fulcire,</span> <span class='ocrx_word' id='word_1_622' title='bbox 1820 1463 1864 1493; x_wconf 76' lang='lat' dir='ltr'>eie</span> <span class='ocrx_word' id='word_1_623' title='bbox 1881 1463 2067 1500; x_wconf 75' lang='lat' dir='ltr'>interpnetor.</span> 
     </span>
     <span class='ocr_line' id='line_1_85' title="bbox 1196 1496 2068 1537; baseline 0 -7"><span class='ocrx_word' id='word_1_624' title='bbox 1196 1496 1342 1530; x_wconf 67' lang='lat' dir='ltr'>sufficeret</span> <span class='ocrx_word' id='word_1_625' title='bbox 1362 1500 1478 1537; x_wconf 86' lang='lat' dir='ltr'>quidem</span> <span class='ocrx_word' id='word_1_626' title='bbox 1494 1500 1606 1529; x_wconf 87' lang='lat' dir='ltr'>homini</span> <span class='ocrx_word' id='word_1_627' title='bbox 1621 1501 1703 1537; x_wconf 87' lang='lat' dir='ltr'>panis</span> <span class='ocrx_word' id='word_1_628' title='bbox 1719 1500 1755 1530; x_wconf 76' lang='lat' dir='ltr'>ad</span> <span class='ocrx_word' id='word_1_629' title='bbox 1772 1502 1863 1530; x_wconf 80' lang='lat' dir='ltr'>vitam</span> <span class='ocrx_word' id='word_1_630' title='bbox 1879 1499 2068 1536; x_wconf 75' lang='lat' dir='ltr'>tolerandam,</span> 
     </span>
     <span class='ocr_line' id='line_1_86' title="bbox 1198 1538 2068 1576; baseline 0 -8"><span class='ocrx_word' id='word_1_631' title='bbox 1198 1538 1248 1568; x_wconf 83' lang='lat' dir='ltr'>sed</span> <span class='ocrx_word' id='word_1_632' title='bbox 1268 1539 1350 1568; x_wconf 86' lang='lat' dir='ltr'>Deus</span> <span class='ocrx_word' id='word_1_633' title='bbox 1371 1539 1472 1568; x_wconf 80' lang='lat' dir='ltr'>vinum</span> <span class='ocrx_word' id='word_1_634' title='bbox 1499 1543 1529 1568; x_wconf 79' lang='lat' dir='ltr'>et</span> <span class='ocrx_word' id='word_1_635' title='bbox 1554 1538 1652 1568; x_wconf 84' lang='lat' dir='ltr'>oleum</span> <span class='ocrx_word' id='word_1_636' title='bbox 1679 1538 1715 1568; x_wconf 87' lang='lat' dir='ltr'>de</span> <span class='ocrx_word' id='word_1_637' title='bbox 1741 1538 2007 1576; x_wconf 68' lang='lat' dir='ltr'>superabundanti,</span> <span class='ocrx_word' id='word_1_638' title='bbox 2034 1543 2068 1568; x_wconf 81' lang='lat' dir='ltr'>ut</span> 
     </span>
     <span class='ocr_line' id='line_1_87' title="bbox 1198 1576 2067 1615; baseline 0.002 -10"><span class='ocrx_word' id='word_1_639' title='bbox 1198 1577 1289 1610; x_wconf 79' lang='lat' dir='ltr'>siunt.</span> <span class='ocrx_word' id='word_1_640' title='bbox 1309 1576 1442 1614; x_wconf 75' lang='lat' dir='ltr'>largitur.</span> <span class='ocrx_word' id='word_1_641' title='bbox 1471 1576 1538 1606; x_wconf 84' lang='lat' dir='ltr'>Non</span> <span class='ocrx_word' id='word_1_642' title='bbox 1558 1580 1602 1606; x_wconf 80' lang='lat' dir='ltr'>est</span> <span class='ocrx_word' id='word_1_643' title='bbox 1621 1576 1713 1615; x_wconf 76' lang='lat' dir='ltr'>igitur</span> <span class='ocrx_word' id='word_1_644' title='bbox 1731 1586 1913 1614; x_wconf 73' lang='lat' dir='ltr'>supervacua</span> <span class='ocrx_word' id='word_1_645' title='bbox 1931 1576 2067 1614; x_wconf 75' lang='lat' dir='ltr'>repetitio</span> 
     </span>
     <span class='ocr_line' id='line_1_88' title="bbox 1198 1615 2066 1652; baseline 0 -8"><span class='ocrx_word' id='word_1_646' title='bbox 1198 1616 1233 1644; x_wconf 86' lang='lat' dir='ltr'>de</span> <span class='ocrx_word' id='word_1_647' title='bbox 1252 1616 1337 1652; x_wconf 78' lang='lat' dir='ltr'>panis</span> <span class='ocrx_word' id='word_1_648' title='bbox 1358 1625 1425 1650; x_wconf 85' lang='lat' dir='ltr'>usu,</span> <span class='ocrx_word' id='word_1_649' title='bbox 1450 1615 1500 1644; x_wconf 87' lang='lat' dir='ltr'>sed</span> <span class='ocrx_word' id='word_1_650' title='bbox 1522 1615 1558 1644; x_wconf 76' lang='lat' dir='ltr'>ad</span> <span class='ocrx_word' id='word_1_651' title='bbox 1579 1615 1859 1644; x_wconf 70' lang='lat' dir='ltr'>commendationem</span> <span class='ocrx_word' id='word_1_652' title='bbox 1879 1616 1989 1652; x_wconf 75' lang='lat' dir='ltr'>gratiae</span> <span class='ocrx_word' id='word_1_653' title='bbox 2011 1615 2066 1644; x_wconf 87' lang='lat' dir='ltr'>Dei</span> 
     </span>
     <span class='ocr_line' id='line_1_89' title="bbox 1196 1653 2066 1690; baseline 0.001 -8"><span class='ocrx_word' id='word_1_654' title='bbox 1196 1654 1291 1690; x_wconf 81' lang='lat' dir='ltr'>posits</span> <span class='ocrx_word' id='word_1_655' title='bbox 1310 1658 1363 1690; x_wconf 79' lang='lat' dir='ltr'>est,</span> <span class='ocrx_word' id='word_1_656' title='bbox 1383 1653 1453 1682; x_wconf 89' lang='lat' dir='ltr'>dum</span> <span class='ocrx_word' id='word_1_657' title='bbox 1473 1653 1600 1682; x_wconf 81' lang='lat' dir='ltr'>molliter</span> <span class='ocrx_word' id='word_1_658' title='bbox 1619 1657 1647 1682; x_wconf 83' lang='lat' dir='ltr'>et</span> <span class='ocrx_word' id='word_1_659' title='bbox 1667 1653 1746 1683; x_wconf 81' lang='lat' dir='ltr'>laute</span> <span class='ocrx_word' id='word_1_660' title='bbox 1765 1653 1906 1688; x_wconf 82' lang='lat' dir='ltr'>homines,</span> <span class='ocrx_word' id='word_1_661' title='bbox 1928 1658 2066 1690; x_wconf 75' lang='lat' dir='ltr'>tanquam</span> 
     </span>
     <span class='ocr_line' id='line_1_90' title="bbox 1197 1690 2065 1729; baseline 0.002 -9"><span class='ocrx_word' id='word_1_662' title='bbox 1197 1697 1280 1728; x_wconf 78' lang='lat' dir='ltr'>peter</span> <span class='ocrx_word' id='word_1_663' title='bbox 1298 1691 1581 1729; x_wconf 73' lang='lat' dir='ltr'>indulgentissimus,</span> <span class='ocrx_word' id='word_1_664' title='bbox 1597 1690 1672 1721; x_wconf 82' lang='lat' dir='ltr'>filios</span> <span class='ocrx_word' id='word_1_665' title='bbox 1699 1690 1811 1721; x_wconf 73' lang='lat' dir='ltr'>educat.</span> <span class='ocrx_word' id='word_1_666' title='bbox 1851 1691 1932 1729; x_wconf 73' lang='lat' dir='ltr'>Ergo</span> <span class='ocrx_word' id='word_1_667' title='bbox 1957 1691 2065 1722; x_wconf 77' lang='lat' dir='ltr'>iterum</span> 
     </span>
     <span class='ocr_line' id='line_1_91' title="bbox 1197 1729 2065 1767; baseline 0 -9"><span class='ocrx_word' id='word_1_668' title='bbox 1197 1730 1283 1765; x_wconf 79' lang='lat' dir='ltr'>dicit,</span> <span class='ocrx_word' id='word_1_669' title='bbox 1309 1739 1398 1767; x_wconf 84' lang='lat' dir='ltr'>quum</span> <span class='ocrx_word' id='word_1_670' title='bbox 1419 1730 1499 1758; x_wconf 87' lang='lat' dir='ltr'>Deus</span> <span class='ocrx_word' id='word_1_671' title='bbox 1521 1729 1592 1759; x_wconf 81' lang='lat' dir='ltr'>satis</span> <span class='ocrx_word' id='word_1_672' title='bbox 1613 1730 1771 1767; x_wconf 81' lang='lat' dir='ltr'>benignum</span> <span class='ocrx_word' id='word_1_673' title='bbox 1797 1739 1831 1758; x_wconf 88' lang='lat' dir='ltr'>se</span> <span class='ocrx_word' id='word_1_674' title='bbox 1857 1730 2012 1758; x_wconf 86' lang='lat' dir='ltr'>nutritium</span> <span class='ocrx_word' id='word_1_675' title='bbox 2034 1730 2065 1759; x_wconf 87' lang='lat' dir='ltr'>in</span> 
     </span>
     <span class='ocr_line' id='line_1_92' title="bbox 1197 1767 2066 1806; baseline 0.001 -9"><span class='ocrx_word' id='word_1_676' title='bbox 1197 1777 1271 1804; x_wconf 80' lang='lat' dir='ltr'>pane</span> <span class='ocrx_word' id='word_1_677' title='bbox 1291 1772 1425 1806; x_wconf 81' lang='lat' dir='ltr'>praestet,</span> <span class='ocrx_word' id='word_1_678' title='bbox 1446 1768 1490 1797; x_wconf 86' lang='lat' dir='ltr'>bis</span> <span class='ocrx_word' id='word_1_679' title='bbox 1510 1772 1539 1797; x_wconf 85' lang='lat' dir='ltr'>et</span> <span class='ocrx_word' id='word_1_680' title='bbox 1560 1772 1604 1797; x_wconf 87' lang='lat' dir='ltr'>ter</span> <span class='ocrx_word' id='word_1_681' title='bbox 1624 1767 1654 1796; x_wconf 88' lang='lat' dir='ltr'>in</span> <span class='ocrx_word' id='word_1_682' title='bbox 1675 1768 1749 1804; x_wconf 76' lang='lat' dir='ltr'>ipsis</span> <span class='ocrx_word' id='word_1_683' title='bbox 1767 1767 1893 1797; x_wconf 84' lang='lat' dir='ltr'>lautitiis</span> <span class='ocrx_word' id='word_1_684' title='bbox 1911 1777 1975 1797; x_wconf 85' lang='lat' dir='ltr'>esse</span> <span class='ocrx_word' id='word_1_685' title='bbox 1993 1767 2066 1798; x_wconf 83' lang='lat' dir='ltr'>libc-</span> 
     </span>
     <span class='ocr_line' id='line_1_93' title="bbox 1196 1805 2065 1851; baseline 0 -16"><span class='ocrx_word' id='word_1_686' title='bbox 1196 1806 1298 1835; x_wconf 82' lang='lat' dir='ltr'>ralem.</span> <span class='ocrx_word' id='word_1_687' title='bbox 1337 1805 1506 1842; x_wconf 72' lang='lat' dir='ltr'>Caeterum,</span> <span class='ocrx_word' id='word_1_688' title='bbox 1533 1806 1602 1843; x_wconf 87' lang='lat' dir='ltr'>quia</span> <span class='ocrx_word' id='word_1_689' title='bbox 1628 1806 1701 1835; x_wconf 86' lang='lat' dir='ltr'>nihil</span> <span class='ocrx_word' id='word_1_690' title='bbox 1729 1805 1886 1851; x_wconf 70' lang='lat' dir='ltr'>proclivius</span> <span class='ocrx_word' id='word_1_691' title='bbox 1914 1811 1959 1835; x_wconf 86' lang='lat' dir='ltr'>est</span> <span class='ocrx_word' id='word_1_692' title='bbox 1977 1815 2065 1843; x_wconf 81' lang='lat' dir='ltr'>qnam</span> 
     </span>
     <span class='ocr_line' id='line_1_94' title="bbox 1198 1844 2066 1882; baseline 0 -9"><span class='ocrx_word' id='word_1_693' title='bbox 1198 1845 1252 1873; x_wconf 80' lang='lat' dir='ltr'>Dei</span> <span class='ocrx_word' id='word_1_694' title='bbox 1273 1844 1464 1873; x_wconf 75' lang='lat' dir='ltr'>beneficentia</span> <span class='ocrx_word' id='word_1_695' title='bbox 1481 1844 1517 1874; x_wconf 74' lang='lat' dir='ltr'>ed</span> <span class='ocrx_word' id='word_1_696' title='bbox 1538 1844 1640 1873; x_wconf 83' lang='lat' dir='ltr'>luxum</span> <span class='ocrx_word' id='word_1_697' title='bbox 1660 1844 1754 1880; x_wconf 71' lang='lat' dir='ltr'>abuti,</span> <span class='ocrx_word' id='word_1_698' title='bbox 1781 1853 1837 1881; x_wconf 79' lang='lat' dir='ltr'>qno</span> <span class='ocrx_word' id='word_1_699' title='bbox 1862 1844 1971 1881; x_wconf 70' lang='lat' dir='ltr'>largior</span> <span class='ocrx_word' id='word_1_700' title='bbox 1996 1853 2066 1882; x_wconf 78' lang='lat' dir='ltr'>erga</span> 
     </span>
     <span class='ocr_line' id='line_1_95' title="bbox 1197 1882 2064 1920; baseline 0 -9"><span class='ocrx_word' id='word_1_701' title='bbox 1197 1883 1328 1912; x_wconf 86' lang='lat' dir='ltr'>homines</span> <span class='ocrx_word' id='word_1_702' title='bbox 1347 1887 1392 1912; x_wconf 82' lang='lat' dir='ltr'>est</span> <span class='ocrx_word' id='word_1_703' title='bbox 1408 1882 1498 1917; x_wconf 86' lang='lat' dir='ltr'>Deus,</span> <span class='ocrx_word' id='word_1_704' title='bbox 1517 1891 1551 1911; x_wconf 84' lang='lat' dir='ltr'>eo</span> <span class='ocrx_word' id='word_1_705' title='bbox 1570 1883 1664 1920; x_wconf 75' lang='lat' dir='ltr'>magis</span> <span class='ocrx_word' id='word_1_706' title='bbox 1678 1882 1841 1912; x_wconf 81' lang='lat' dir='ltr'>cavendum</span> <span class='ocrx_word' id='word_1_707' title='bbox 1858 1886 1904 1911; x_wconf 84' lang='lat' dir='ltr'>est</span> <span class='ocrx_word' id='word_1_708' title='bbox 1918 1892 1957 1911; x_wconf 85' lang='lat' dir='ltr'>ne</span> <span class='ocrx_word' id='word_1_709' title='bbox 1972 1882 2064 1911; x_wconf 86' lang='lat' dir='ltr'>abnn—</span> 
     </span>
     <span class='ocr_line' id='line_1_96' title="bbox 1196 1920 2063 1958; baseline 0.001 -9"><span class='ocrx_word' id='word_1_710' title='bbox 1196 1921 1326 1951; x_wconf 87' lang='lat' dir='ltr'>dantiam</span> <span class='ocrx_word' id='word_1_711' title='bbox 1344 1931 1418 1958; x_wconf 85' lang='lat' dir='ltr'>quae</span> <span class='ocrx_word' id='word_1_712' title='bbox 1437 1920 1559 1950; x_wconf 76' lang='lat' dir='ltr'>offertur</span> <span class='ocrx_word' id='word_1_713' title='bbox 1578 1922 1779 1951; x_wconf 71' lang='lat' dir='ltr'>contaminent</span> <span class='ocrx_word' id='word_1_714' title='bbox 1804 1929 1859 1949; x_wconf 82' lang='lat' dir='ltr'>sua</span> <span class='ocrx_word' id='word_1_715' title='bbox 1883 1920 2063 1958; x_wconf 81' lang='lat' dir='ltr'>intemperie.</span> 
     </span>
     <span class='ocr_line' id='line_1_97' title="bbox 1196 1958 2064 1993; baseline 0 -5"><span class='ocrx_word' id='word_1_716' title='bbox 1196 1959 1266 1988; x_wconf 85' lang='lat' dir='ltr'>Ideo</span> <span class='ocrx_word' id='word_1_717' title='bbox 1285 1968 1344 1988; x_wconf 88' lang='lat' dir='ltr'>non</span> <span class='ocrx_word' id='word_1_718' title='bbox 1364 1959 1416 1988; x_wconf 87' lang='lat' dir='ltr'>abs</span> <span class='ocrx_word' id='word_1_719' title='bbox 1435 1968 1466 1988; x_wconf 83' lang='lat' dir='ltr'>re</span> <span class='ocrx_word' id='word_1_720' title='bbox 1493 1962 1573 1988; x_wconf 73' lang='lat' dir='ltr'>votat</span> <span class='ocrx_word' id='word_1_721' title='bbox 1593 1958 1702 1988; x_wconf 83' lang='lat' dir='ltr'>Paulus</span> <span class='ocrx_word' id='word_1_722' title='bbox 1723 1959 1808 1988; x_wconf 84' lang='lat' dir='ltr'>Rom.</span> <span class='ocrx_word' id='word_1_723' title='bbox 1831 1959 1880 1993; x_wconf 85' lang='lat'>13,</span> <span class='ocrx_word' id='word_1_724' title='bbox 1902 1958 1939 1988; x_wconf 79' lang='lat'>14</span> <span class='ocrx_word' id='word_1_725' title='bbox 1964 1968 2064 1989; x_wconf 85' lang='lat' dir='ltr'>curam</span> 
     </span>
     <span class='ocr_line' id='line_1_98' title="bbox 1196 1997 2064 2035; baseline 0 -9"><span class='ocrx_word' id='word_1_726' title='bbox 1196 1998 1291 2026; x_wconf 85' lang='lat' dir='ltr'>earnis</span> <span class='ocrx_word' id='word_1_727' title='bbox 1310 2007 1396 2034; x_wconf 78' lang='lat' dir='ltr'>agere</span> <span class='ocrx_word' id='word_1_728' title='bbox 1415 2006 1470 2035; x_wconf 82' lang='lat' dir='ltr'>pro</span> <span class='ocrx_word' id='word_1_729' title='bbox 1488 1997 1729 2034; x_wconf 79' lang='lat' dir='ltr'>concupiscentiis</span> <span class='ocrx_word' id='word_1_730' title='bbox 1749 1998 1818 2026; x_wconf 85' lang='lat' dir='ltr'>eius.</span> <span class='ocrx_word' id='word_1_731' title='bbox 1859 1997 1966 2026; x_wconf 79' lang='lat' dir='ltr'>Nullus</span> <span class='ocrx_word' id='word_1_732' title='bbox 1986 1999 2064 2026; x_wconf 85' lang='lat' dir='ltr'>enim</span> 
     </span>
     <span class='ocr_line' id='line_1_99' title="bbox 1196 2035 2064 2072; baseline 0 -8"><span class='ocrx_word' id='word_1_733' title='bbox 1196 2036 1252 2064; x_wconf 87' lang='lat' dir='ltr'>erit</span> <span class='ocrx_word' id='word_1_734' title='bbox 1276 2035 1378 2064; x_wconf 83' lang='lat' dir='ltr'>modus</span> <span class='ocrx_word' id='word_1_735' title='bbox 1403 2036 1428 2064; x_wconf 86' lang='lat' dir='ltr'>si</span> <span class='ocrx_word' id='word_1_736' title='bbox 1453 2036 1533 2064; x_wconf 78' lang='lat' dir='ltr'>narni</span> <span class='ocrx_word' id='word_1_737' title='bbox 1562 2035 1665 2064; x_wconf 81' lang='lat' dir='ltr'>demus</span> <span class='ocrx_word' id='word_1_738' title='bbox 1692 2040 1832 2072; x_wconf 80' lang='lat' dir='ltr'>qnantum</span> <span class='ocrx_word' id='word_1_739' title='bbox 1859 2035 1979 2072; x_wconf 76' lang='lat' dir='ltr'>appetit.</span> <span class='ocrx_word' id='word_1_740' title='bbox 2025 2035 2064 2064; x_wconf 84' lang='lat' dir='ltr'>Et</span> 
     </span>
     <span class='ocr_line' id='line_1_100' title="bbox 1195 2072 2063 2112; baseline -0.001 -9"><span class='ocrx_word' id='word_1_741' title='bbox 1195 2083 1266 2103; x_wconf 85' lang='lat' dir='ltr'>sane</span> <span class='ocrx_word' id='word_1_742' title='bbox 1285 2074 1369 2103; x_wconf 87' lang='lat' dir='ltr'>sicuti</span> <span class='ocrx_word' id='word_1_743' title='bbox 1391 2073 1517 2112; x_wconf 73' lang='lat' dir='ltr'>benigne</span> <span class='ocrx_word' id='word_1_744' title='bbox 1537 2074 1618 2102; x_wconf 84' lang='lat' dir='ltr'>nobis</span> <span class='ocrx_word' id='word_1_745' title='bbox 1637 2073 1720 2102; x_wconf 86' lang='lat' dir='ltr'>Deus</span> <span class='ocrx_word' id='word_1_746' title='bbox 1740 2072 1887 2111; x_wconf 74' lang='lat' dir='ltr'>indulget,</span> <span class='ocrx_word' id='word_1_747' title='bbox 1907 2073 1948 2102; x_wconf 85' lang='lat' dir='ltr'>sio</span> <span class='ocrx_word' id='word_1_748' title='bbox 1969 2072 2063 2111; x_wconf 76' lang='lat' dir='ltr'>legem</span> 
     </span>
     <span class='ocr_line' id='line_1_101' title="bbox 1195 2111 2066 2149; baseline -0.001 -8"><span class='ocrx_word' id='word_1_749' title='bbox 1195 2113 1405 2149; x_wconf 64' lang='lat' dir='ltr'>temperantiae</span> <span class='ocrx_word' id='word_1_750' title='bbox 1424 2113 1538 2145; x_wconf 76' lang='lat' dir='ltr'>statuit.</span> <span class='ocrx_word' id='word_1_751' title='bbox 1565 2115 1597 2140; x_wconf 87' lang='lat' dir='ltr'>nt</span> <span class='ocrx_word' id='word_1_752' title='bbox 1616 2112 1738 2148; x_wconf 85' lang='lat' dir='ltr'>quisque</span> <span class='ocrx_word' id='word_1_753' title='bbox 1763 2113 1791 2140; x_wconf 86' lang='lat' dir='ltr'>in</span> <span class='ocrx_word' id='word_1_754' title='bbox 1813 2120 1867 2140; x_wconf 85' lang='lat' dir='ltr'>sua</span> <span class='ocrx_word' id='word_1_755' title='bbox 1887 2111 2066 2140; x_wconf 85' lang='lat' dir='ltr'>abundantia</span> 
     </span>
     <span class='ocr_line' id='line_1_102' title="bbox 1196 2149 2064 2187; baseline 0 -9"><span class='ocrx_word' id='word_1_756' title='bbox 1196 2155 1299 2187; x_wconf 79' lang='lat' dir='ltr'>sponte</span> <span class='ocrx_word' id='word_1_757' title='bbox 1325 2160 1357 2178; x_wconf 87' lang='lat' dir='ltr'>se</span> <span class='ocrx_word' id='word_1_758' title='bbox 1382 2151 1551 2187; x_wconf 75' lang='lat' dir='ltr'>restringat.</span> <span class='ocrx_word' id='word_1_759' title='bbox 1589 2149 1709 2178; x_wconf 79' lang='lat' dir='ltr'>Emittit</span> <span class='ocrx_word' id='word_1_760' title='bbox 1736 2150 1823 2178; x_wconf 82' lang='lat' dir='ltr'>boves</span> <span class='ocrx_word' id='word_1_761' title='bbox 1850 2153 1879 2178; x_wconf 83' lang='lat' dir='ltr'>et</span> <span class='ocrx_word' id='word_1_762' title='bbox 1905 2150 2003 2178; x_wconf 82' lang='lat' dir='ltr'>asinos</span> <span class='ocrx_word' id='word_1_763' title='bbox 2026 2150 2064 2178; x_wconf 88' lang='lat' dir='ltr'>ad</span> 
     </span>
     <span class='ocr_line' id='line_1_103' title="bbox 1196 2187 2062 2226; baseline 0 -8"><span class='ocrx_word' id='word_1_764' title='bbox 1196 2197 1310 2225; x_wconf 78' lang='lat' dir='ltr'>pascua,</span> <span class='ocrx_word' id='word_1_765' title='bbox 1337 2188 1386 2225; x_wconf 84' lang='lat' dir='ltr'>qui</span> <span class='ocrx_word' id='word_1_766' title='bbox 1407 2197 1458 2218; x_wconf 89' lang='lat' dir='ltr'>sua</span> <span class='ocrx_word' id='word_1_767' title='bbox 1478 2188 1611 2217; x_wconf 81' lang='lat' dir='ltr'>satietate</span> <span class='ocrx_word' id='word_1_768' title='bbox 1631 2187 1761 2217; x_wconf 80' lang='lat' dir='ltr'>contenti</span> <span class='ocrx_word' id='word_1_769' title='bbox 1781 2192 1867 2216; x_wconf 83' lang='lat' dir='ltr'>sunt:</span> <span class='ocrx_word' id='word_1_770' title='bbox 1891 2187 1975 2217; x_wconf 85' lang='lat' dir='ltr'>nobis</span> <span class='ocrx_word' id='word_1_771' title='bbox 1994 2187 2062 2226; x_wconf 78' lang='lat' dir='ltr'>plus</span> 
     </span>
     <span class='ocr_line' id='line_1_104' title="bbox 1195 2225 2063 2264; baseline -0.002 -8"><span class='ocrx_word' id='word_1_772' title='bbox 1195 2235 1282 2264; x_wconf 83' lang='lat' dir='ltr'>qnam</span> <span class='ocrx_word' id='word_1_773' title='bbox 1303 2235 1374 2264; x_wconf 89' lang='lat' dir='ltr'>opus</span> <span class='ocrx_word' id='word_1_774' title='bbox 1394 2227 1432 2255; x_wconf 84' lang='lat' dir='ltr'>sit</span> <span class='ocrx_word' id='word_1_775' title='bbox 1448 2226 1637 2263; x_wconf 74' lang='lat' dir='ltr'>suppeditans</span> <span class='ocrx_word' id='word_1_776' title='bbox 1653 2225 1823 2262; x_wconf 81' lang='lat' dir='ltr'>praeseribit</span> <span class='ocrx_word' id='word_1_777' title='bbox 1839 2231 1948 2255; x_wconf 75' lang='lat' dir='ltr'>certam</span> <span class='ocrx_word' id='word_1_778' title='bbox 1966 2226 2063 2255; x_wconf 86' lang='lat' dir='ltr'>mode-</span> 
     </span>
     <span class='ocr_line' id='line_1_105' title="bbox 1195 2263 2062 2301; baseline -0.002 -7"><span class='ocrx_word' id='word_1_779' title='bbox 1195 2266 1354 2301; x_wconf 82' lang='lat' dir='ltr'>rationem,</span> <span class='ocrx_word' id='word_1_780' title='bbox 1385 2275 1421 2293; x_wconf 87' lang='lat' dir='ltr'>ne</span> <span class='ocrx_word' id='word_1_781' title='bbox 1446 2274 1500 2293; x_wconf 89' lang='lat' dir='ltr'>sua</span> <span class='ocrx_word' id='word_1_782' title='bbox 1527 2264 1667 2293; x_wconf 81' lang='lat' dir='ltr'>beneficis.</span> <span class='ocrx_word' id='word_1_783' title='bbox 1686 2264 1775 2293; x_wconf 89' lang='lat' dir='ltr'>nimis</span> <span class='ocrx_word' id='word_1_784' title='bbox 1794 2263 1897 2301; x_wconf 72' lang='lat' dir='ltr'>nunide</span> <span class='ocrx_word' id='word_1_785' title='bbox 1919 2273 2062 2299; x_wconf 80' lang='lat' dir='ltr'>voremus,</span> 
     </span>
     <span class='ocr_line' id='line_1_106' title="bbox 1195 2302 2062 2341; baseline 0 -9"><span class='ocrx_word' id='word_1_786' title='bbox 1195 2313 1228 2333; x_wconf 85' lang='lat' dir='ltr'>ao</span> <span class='ocrx_word' id='word_1_787' title='bbox 1248 2304 1276 2332; x_wconf 92' lang='lat' dir='ltr'>in</span> <span class='ocrx_word' id='word_1_788' title='bbox 1298 2303 1423 2341; x_wconf 74' lang='lat' dir='ltr'>largiore</span> <span class='ocrx_word' id='word_1_789' title='bbox 1442 2303 1524 2339; x_wconf 83' lang='lat' dir='ltr'>copia</span> <span class='ocrx_word' id='word_1_790' title='bbox 1543 2302 1742 2340; x_wconf 71' lang='lat' dir='ltr'>frugalitatem</span> <span class='ocrx_word' id='word_1_791' title='bbox 1758 2308 1888 2332; x_wconf 82' lang='lat' dir='ltr'>nostram</span> <span class='ocrx_word' id='word_1_792' title='bbox 1906 2303 2062 2332; x_wconf 77' lang='lat' dir='ltr'>examinat.</span> 
     </span>
     <span class='ocr_line' id='line_1_107' title="bbox 1195 2341 2064 2379; baseline -0.002 -8"><span class='ocrx_word' id='word_1_793' title='bbox 1195 2341 1276 2371; x_wconf 84' lang='lat' dir='ltr'>Haeo</span> <span class='ocrx_word' id='word_1_794' title='bbox 1296 2346 1393 2370; x_wconf 78' lang='lat' dir='ltr'>autem</span> <span class='ocrx_word' id='word_1_795' title='bbox 1414 2341 1544 2379; x_wconf 70' lang='lat' dir='ltr'>legitima</span> <span class='ocrx_word' id='word_1_796' title='bbox 1562 2341 1665 2370; x_wconf 80' lang='lat' dir='ltr'>utendi</span> <span class='ocrx_word' id='word_1_797' title='bbox 1680 2341 1768 2378; x_wconf 83' lang='lat' dir='ltr'>ratio,</span> <span class='ocrx_word' id='word_1_798' title='bbox 1795 2345 1828 2369; x_wconf 84' lang='lat' dir='ltr'>ut</span> <span class='ocrx_word' id='word_1_799' title='bbox 1848 2349 1902 2369; x_wconf 82' lang='lat' dir='ltr'>noa</span> <span class='ocrx_word' id='word_1_800' title='bbox 1921 2345 2064 2370; x_wconf 81' lang='lat' dir='ltr'>sustentet</span> 
     </span>
     <span class='ocr_line' id='line_1_108' title="bbox 1195 2378 2062 2416; baseline -0.001 -8"><span class='ocrx_word' id='word_1_801' title='bbox 1195 2381 1300 2416; x_wconf 74' lang='lat' dir='ltr'>victus,</span> <span class='ocrx_word' id='word_1_802' title='bbox 1321 2389 1379 2408; x_wconf 88' lang='lat' dir='ltr'>non</span> <span class='ocrx_word' id='word_1_803' title='bbox 1399 2379 1553 2416; x_wconf 78' lang='lat' dir='ltr'>opprimat.</span> <span class='ocrx_word' id='word_1_804' title='bbox 1593 2379 1699 2407; x_wconf 69' lang='lat' dir='ltr'>Mutua</span> <span class='ocrx_word' id='word_1_805' title='bbox 1723 2379 1811 2407; x_wconf 84' lang='lat' dir='ltr'>otiam</span> <span class='ocrx_word' id='word_1_806' title='bbox 1838 2378 2062 2408; x_wconf 69' lang='lat' dir='ltr'>communicatio</span> 
     </span>
     <span class='ocr_line' id='line_1_109' title="bbox 1195 2417 2062 2455; baseline -0.001 -8"><span class='ocrx_word' id='word_1_807' title='bbox 1195 2428 1282 2455; x_wconf 83' lang='lat' dir='ltr'>quum</span> <span class='ocrx_word' id='word_1_808' title='bbox 1305 2418 1385 2447; x_wconf 82' lang='lat' dir='ltr'>Deus</span> <span class='ocrx_word' id='word_1_809' title='bbox 1406 2418 1560 2455; x_wconf 78' lang='lat' dir='ltr'>praecipit.</span> <span class='ocrx_word' id='word_1_810' title='bbox 1585 2418 1724 2454; x_wconf 81' lang='lat' dir='ltr'>optimum</span> <span class='ocrx_word' id='word_1_811' title='bbox 1750 2421 1795 2446; x_wconf 85' lang='lat' dir='ltr'>est</span> <span class='ocrx_word' id='word_1_812' title='bbox 1820 2417 2062 2454; x_wconf 74' lang='lat' dir='ltr'>intemperantiae</span> 
     </span>
     <span class='ocr_line' id='line_1_110' title="bbox 1195 2455 2061 2492; baseline -0.001 -7"><span class='ocrx_word' id='word_1_813' title='bbox 1195 2457 1337 2486; x_wconf 82' lang='lat' dir='ltr'>fraenum.</span> <span class='ocrx_word' id='word_1_814' title='bbox 1376 2455 1441 2486; x_wconf 79' lang='lat' dir='ltr'>Hae</span> <span class='ocrx_word' id='word_1_815' title='bbox 1460 2456 1538 2485; x_wconf 87' lang='lat' dir='ltr'>enim</span> <span class='ocrx_word' id='word_1_816' title='bbox 1559 2455 1622 2492; x_wconf 73' lang='lat' dir='ltr'>lege</span> <span class='ocrx_word' id='word_1_817' title='bbox 1642 2455 1792 2484; x_wconf 80' lang='lat' dir='ltr'>abundant</span> <span class='ocrx_word' id='word_1_818' title='bbox 1811 2455 1925 2490; x_wconf 75' lang='lat' dir='ltr'>divites.</span> <span class='ocrx_word' id='word_1_819' title='bbox 1952 2460 1985 2484; x_wconf 86' lang='lat' dir='ltr'>ut</span> <span class='ocrx_word' id='word_1_820' title='bbox 2005 2455 2061 2484; x_wconf 75' lang='lat' dir='ltr'>fra-</span> 
     </span>
     <span class='ocr_line' id='line_1_111' title="bbox 1195 2493 2060 2531; baseline 0 -9"><span class='ocrx_word' id='word_1_821' title='bbox 1195 2500 1271 2523; x_wconf 75' lang='lat' dir='ltr'>trum</span> <span class='ocrx_word' id='word_1_822' title='bbox 1293 2498 1464 2524; x_wconf 77' lang='lat' dir='ltr'>succurrant</span> <span class='ocrx_word' id='word_1_823' title='bbox 1482 2494 1531 2522; x_wconf 91' lang='lat' dir='ltr'>ino</span> <span class='ocrx_word' id='word_1_824' title='bbox 1554 2494 1605 2522; x_wconf 82' lang='lat' dir='ltr'>iae.</span> <span class='ocrx_word' id='word_1_825' title='bbox 1645 2493 1733 2522; x_wconf 83' lang='lat' dir='ltr'>Certe</span> <span class='ocrx_word' id='word_1_826' title='bbox 1757 2494 1827 2530; x_wconf 78' lang='lat' dir='ltr'>quin</span> <span class='ocrx_word' id='word_1_827' title='bbox 1851 2493 1991 2531; x_wconf 83' lang='lat' dir='ltr'>propheta</span> <span class='ocrx_word' id='word_1_828' title='bbox 2016 2494 2060 2522; x_wconf 87' lang='lat' dir='ltr'>in-</span> 
     </span>
     <span class='ocr_line' id='line_1_112' title="bbox 1195 2531 2060 2570; baseline 0 -9"><span class='ocrx_word' id='word_1_829' title='bbox 1195 2533 1321 2570; x_wconf 84' lang='lat' dir='ltr'>gluviem</span> <span class='ocrx_word' id='word_1_830' title='bbox 1353 2533 1502 2561; x_wconf 84' lang='lat' dir='ltr'>hominum</span> <span class='ocrx_word' id='word_1_831' title='bbox 1557 2533 1582 2561; x_wconf 85' lang='lat' dir='ltr'>ic</span> <span class='ocrx_word' id='word_1_832' title='bbox 1611 2541 1677 2562; x_wconf 82' lang='lat' dir='ltr'>cum</span> <span class='ocrx_word' id='word_1_833' title='bbox 1706 2531 1764 2561; x_wconf 85' lang='lat' dir='ltr'>Dei</span> <span class='ocrx_word' id='word_1_834' title='bbox 1790 2531 1973 2570; x_wconf 76' lang='lat' dir='ltr'>providentia</span> <span class='ocrx_word' id='word_1_835' title='bbox 2001 2541 2060 2561; x_wconf 88' lang='lat' dir='ltr'>non</span> 
     </span>
    </p>
   </div>
  </div>
 </body>
</html>
