2396 3041
369 343 424 373 511

368 426 520 456 hominum
540 426 712 458 levationes.
731 427 756 456 si
778 426 823 454 vel
844 426 916 454 mihi
935 430 1072 463 pareant,
1093 425 1139 454 vel
1159 425 1230 454 adu-

370 465 449 494 landi
468 473 556 494 eausa
575 469 736 494 extenuent
755 465 849 494 eoelns
869 473 984 503 meum,
1008 463 1056 492 vel
1084 463 1232 493 blanditiis

370 503 499 532 dolorem
521 511 616 531 meum
638 502 758 531 leniant.
797 501 953 540 Significat
979 510 1049 540 ergo
1075 511 1107 531 se
1132 502 1230 530 oeulos

370 545 399 570 et
420 549 523 570 senene
543 549 644 569 omnes
662 539 769 569 habere
790 539 901 569 defixos
920 541 950 568 in
970 539 1082 576 Deum,
1110 539 1232 577 ideoque

370 587 429 608 non
448 579 592 616 reepieere
612 577 681 616 quid
702 578 833 623 sentiant
851 578 897 623 vel
917 578 1073 623 loquantur
1088 577 1230 623 homines.

368 616 688 699 afflssm‘ffissffitffiff
706 621 856 698 Ξξζωέἱῖἱ
876 616 1230 698 ffssssszzffizffsfflss:

368 691 487 767 3:31⁶?
489 701 539 759 ⁹12⁰?
550 691 1232 774 33:32201’2030'221:333‘·01¹2ff12⁰d3;2¹2¹f⁰„2¹¹3

368 768 429 798 illis
447 768 633 798 mulcendum
655 768 820 806 praeberet,
847 771 939 798 totum
965 779 996 796 se
1022 768 1059 797 ad
1080 768 1136 796 Dei
1157 768 1232 797 iud1-

369 807 446 836 eiam
461 807 658 836 revocaverit:
679 814 713 835 eo
728 807 871 842 statuerit,
887 807 1022 844 quamvis
1038 806 1138 836 nullus
1154 814 1230 835 mor-

369 844 472 874 talium
493 848 568 874 esset
587 844 734 880 molestus,
755 843 810 874 sibi
830 844 895 882 plus
915 845 985 874 setis
1004 845 1065 874 fore
1084 853 1151 874 oum
1166 843 1232 873 Deo

370 883 489 921 negotii.
530 883 626 920 Atque
646 882 717 912 haee
737 882 838 921 regula
859 881 940 911 nobis
967 882 1095 911 tenenda
1120 886 1180 916 est,
1206 882 1232 910 ai

369 921 503 958 cupimus
523 929 592 950 vero
610 921 807 958 poenitentiae
828 921 931 950 affeetu
950 921 1050 950 imbui.
1089 921 1130 950 Et
1160 928 1230 950 sane

369 958 439 996 quid
460 958 543 988 nobie
562 957 680 996 prodest
698 958 849 988 hominnm
870 958 1016 996 suffragiis
1038 958 1162 996 absolvi,
1183 957 1231 987 vel

368 997 559 1026 conniventia
578 997 707 1034 effugere
726 1003 849 1031 reatum,
869 998 893 1025 si
915 997 1091 1026 musoieutia
1111 1006 1165 1024 nna
1183 1006 1230 1026 oo-

369 1044 433 1064 ram
454 1035 517 1064 Deo
537 1035 673 1064 accusat?
705 1035 751 1064 vel
771 1035 876 1064 saltem
895 1035 978 1064 Dens
998 1036 1059 1072 ipse
1086 1035 1168 1064 nobie
1187 1035 1232 1063 in-

370 1074 461 1103 festus
481 1071 544 1102 est?
585 1072 667 1102 Haeo
687 1078 784 1102 autem
813 1081 871 1102 una
897 1079 942 1102 est
967 1074 1056 1108 ratio,
1082 1083 1120 1102 ne
1145 1073 1230 1102 vanis

369 1110 626 1148 imaginationibus
651 1110 797 1146 ludamur,
824 1115 912 1148 atque
937 1111 1120 1147 aptissimum
1140 1120 1230 1140 reme-

368 1148 462 1184 dium,
488 1149 519 1178 in
542 1147 603 1178 redi
631 1149 662 1178 iu
689 1157 740 1178 noe
767 1149 863 1186 ipeos,
890 1154 919 1178 et
945 1158 1048 1179 senene
1073 1158 1175 1178 omnes
1194 1149 1230 1178 ad

368 1187 464 1216 Deum
485 1186 528 1215 eol
543 1186 635 1224 ’gere.
662 1190 695 1216 nt
715 1195 813 1216 eoram
838 1187 902 1224 ipso
927 1196 1170 1224 expavescamus.
1198 1195 1230 1216 ao

367 1229 463 1254 metus
498 1226 559 1253 irae
591 1225 653 1254 eius
687 1224 804 1254 delicias
836 1234 938 1254 omnes
974 1226 1057 1254 nobis
1093 1226 1228 1254 excutiat.

370 1262 534 1293 Secundam
555 1267 666 1300 purtem
687 1273 797 1300 versus,
818 1266 848 1292 ut
867 1263 1028 1300 iustifioeris
1047 1264 1079 1293 in
1097 1264 1230 1293 sermoni-

367 1301 421 1331 bus
449 1301 519 1334 tuis,
559 1301 675 1338 quidam
705 1301 879 1339 interpretes
909 1301 1052 1331 violenter
1082 1306 1228 1339 torquent.

368 1339 436 1368 dum
456 1345 617 1368 contexunt
635 1349 701 1368 oum
722 1340 815 1377 primo
835 1349 939 1375 versu,
965 1349 999 1368 ae
1024 1340 1048 1368 si
1070 1340 1105 1369 ad
1132 1340 1228 1377 proxi-

367 1386 446 1406 mem
466 1377 639 1406 sententiam
661 1378 762 1407 referri
791 1387 851 1407 non
879 1377 988 1407 debeat.
1029 1378 1119 1414 Atqui
1145 1387 1228 1414 prae—

367 1421 500 1452 terquam
520 1414 595 1452 quod
616 1415 796 1454 abrumpunt
814 1415 973 1445 verborum
999 1421 1143 1449 tenorem,
1170 1425 1229 1444 non

368 1453 453 1483 video
471 1462 557 1490 quem
576 1453 693 1482 tandem
714 1463 831 1483 ausum
851 1454 963 1491 possint
983 1454 1087 1484 elieere
1111 1464 1147 1483 ex
1175 1454 1229 1482 hae

368 1491 506 1528 precandi
524 1491 633 1528 forma,
652 1491 794 1521 Miserere
813 1492 885 1528 mei,
906 1496 940 1520 ut
958 1501 1048 1529 purus
1069 1493 1108 1522 sis
1129 1494 1159 1521 in
1179 1495 1229 1521 tuo

367 1529 483 1560 iudicio.
523 1528 633 1558 Paulus
650 1538 719 1559 vero
737 1530 774 1559 ad
794 1530 942 1560 Romanos
960 1539 1022 1568 oap.
1044 1530 1070 1565 3,
1091 1541 1119 1559 v.
1139 1530 1157 1559 3
1179 1530 1228 1560 da-

367 1567 539 1596 bitationem
559 1575 673 1597 omnem
694 1568 778 1604 tollit,
798 1568 950 1598 hominum
969 1568 1154 1606 iniquitatem
1174 1568 1232 1597 Dei

368 1605 475 1635 iudicio
494 1614 649 1642 opponens.
687 1606 765 1642 Quid
786 1616 863 1644 ergo,
884 1606 991 1643 inquit:
1011 1616 1048 1635 an
1069 1608 1093 1635 si
1113 1607 1230 1644 quidam

369 1654 406 1674 ex
426 1643 543 1673 Iudaeis
568 1644 689 1673 fuerunt.
714 1644 872 1679 inereduli,
898 1644 1024 1674 iniustus
1051 1645 1109 1674 erit
1127 1644 1228 1674 Deus?

370 1682 459 1710 absit:
493 1682 553 1710 imo
582 1682 621 1710 sit
651 1682 730 1711 Deae
759 1691 865 1718 verax,
894 1683 989 1712 omnis
1018 1688 1116 1712 autom
1145 1682 1231 1712 homo

368 1719 510 1756 mendax,
539 1720 614 1749 sieut
633 1721 773 1756 seriptum
790 1724 849 1756 est,
875 1721 918 1750 Ut
937 1721 1104 1751 iustifioeris
1123 1721 1153 1750 in
1173 1730 1232 1750 eer-

367 1757 505 1787 monibus
523 1758 592 1795 tuis,
613 1762 667 1787 ete.
703 1758 846 1788 Videmus
865 1758 943 1788 enim
965 1758 1018 1788 hue
1040 1759 1133 1796 aptari
1150 1759 1232 1788 testi—

367 1795 507 1830 monium,
527 1796 603 1832 quod
623 1796 653 1824 in
674 1795 827 1826 hominum
845 1796 1002 1826 sceleribus
1022 1805 1138 1835 semper
1156 1797 1232 1826 reln-

369 1838 434 1863 oeat
453 1833 511 1862 Dei
531 1834 657 1872 iustitia,
683 1838 713 1863 et
737 1835 770 1863 in
796 1835 955 1864 mendaoiis
975 1836 1091 1864 veritae.
1131 1836 1232 1870 Porro,

369 1875 404 1901 ut
420 1871 544 1902 wama!
564 1871 632 1909 quid
652 1872 708 1902 sibi
728 1872 799 1902 velit
819 1873 933 1907 David,
959 1876 990 1902 et
1009 1882 1146 1910 quorsum
1168 1877 1230 1902 ten-

370 1909 429 1946 dat,
448 1918 554 1946 operae
573 1910 699 1947 pretinm
718 1915 763 1940 est
782 1911 813 1940 in
833 1911 1002 1940 memoriam
1020 1920 1157 1942 revocare
1172 1911 1232 1940 foe-

372 1948 427 1977 dne
448 1947 527 1984 quod
552 1949 703 1986 pepigerat
727 1950 810 1978 Dens
836 1958 902 1979 oum
929 1949 1000 1986 ipso.
1040 1950 1116 1978 Nam
1141 1959 1232 1986 quum

370 1985 448 2024 apud
468 1994 532 2015 eum
560 1986 692 2023 deposita
717 1992 794 2016 esaet
819 1987 897 2016 selus
922 1986 1040 2021 mundi,
1066 1993 1233 2025 promptum

370 2024 468 2061 impiis
487 2027 551 2052 erat
569 2024 746 2054 calumniam
766 2025 842 2055 hano
862 2033 1012 2055 evomere:
1041 2025 1076 2055 Si
1104 2025 1149 2054 hio
1175 2026 1232 2054 fuit

370 2062 509 2092 eoeleeiae
537 2062 685 2098 eolnmna,
715 2063 785 2100 quid
814 2073 893 2093 nuno
923 2063 1036 2093 miseris
1066 2063 1232 2093 hominibus

371 2101 436 2135 flet,
466 2099 515 2138 qui
541 2100 603 2130 eius
630 2101 777 2130 eanotitati
804 2102 897 2130 innixi
923 2101 1012 2130 sunt?
1043 2101 1066 2130 ai
1095 2102 1143 2131 hio
1171 2105 1234 2130 erat

370 2140 465 2168 instar
494 2138 566 2168 solie
594 2138 642 2168 vel
669 2138 794 2173 luciferi.
829 2139 972 2177 quomodo
1000 2149 1032 2169 se
1061 2139 1098 2168 ad
1126 2140 1234 2169 inferos

370 2175 512 2214 proiecit?
552 2179 617 2213 poet
652 2182 712 2206 tam
747 2183 863 2214 turpem
901 2178 963 2206 eius
998 2178 1125 2214 lapsum.
1161 2186 1234 2214 quo—

371 2214 456 2244 modo
489 2214 526 2243 ab
554 2214 617 2244 eius
646 2215 756 2244 semine
788 2216 913 2252 petenda
949 2220 1025 2244 esset
1061 2225 1127 2253 spen
1155 2216 1234 2245 nalu—

371 2252 430 2282 tis?
474 2252 555 2291 Ergo
586 2261 676 2291 quum
707 2253 820 2283 videret
851 2254 950 2291 pravis»
979 2253 1129 2283 hominum
1157 2254 1234 2284 iudi-

371 2291 423 2320 eiis
451 2291 601 2320 materiam
633 2291 742 2328 eapteri
774 2291 986 2329 oppugnandae
1011 2291 1066 2321 Dei
1096 2292 1234 2326 iustitiae,

370 2332 486 2358 mature
512 2329 653 2363 occurrit,
679 2339 712 2358 ae
737 2330 907 2366 pronuntiat
931 2330 1051 2368 indigue
1080 2331 1234 2359 transeribi

371 2366 462 2396 ullam
486 2367 587 2405 eulpae
610 2371 722 2405 partem
753 2367 783 2397 in
811 2367 920 2396 Deum:
958 2377 988 2398 ee
1013 2369 1090 2397 enim
1118 2369 1159 2397 ita
1182 2369 1234 2398 ob-

371 2405 492 2434 noxium
527 2406 633 2440 teneri.
674 2409 708 2435 ut
742 2405 826 2435 Dens
861 2410 977 2435 maneat
1012 2405 1139 2443 integer.
1177 2410 1234 2435 stet

370 2442 473 2472 illaesa
492 2444 553 2473 eins
573 2444 685 2473 institia
703 2447 731 2472 et
751 2445 867 2473 veritae.
906 2443 1082 2481 Quanquam
1105 2453 1155 2480 per
1173 2454 1234 2472 ser-

371 2490 473 2510 mones
493 2490 553 2511 non
573 2482 703 2520 intelligo
722 2482 934 2520 promissiones,
956 2482 1040 2512 sicuti
1059 2481 1232 2519 quibusdam

372 2519 481 2556 placet,
505 2519 556 2549 sed
583 2520 678 2558 potius
703 2519 840 2550 iudicium
869 2519 945 2557 quod
971 2519 1007 2549 de
1035 2520 1098 2557 ipso
1118 2519 1232 2550 Davide

1133 339 1326 373 PSALMUS
1346 340 1399 371 LI.

2088 343 2150 372 512

1278 425 1394 454 laturae
1414 430 1477 454 erat
1497 425 1592 454 Deua:
1614 425 1670 454 nisi
1692 426 1821 462 gratuita
1839 426 2010 455 remissione
2030 426 2147 455 deletus

1278 463 1383 492 fuisset
1405 463 1466 492 eius
1485 467 1583 492 reatus
1601 472 1666 493 eum
1686 464 1779 502 eulpa..
1820 463 1922 501 Neque
1943 465 2022 494 enim
2042 464 2146 494 dubito

1278 502 1348 538 quin
1374 510 1427 530 suo
1453 510 1546 536 more,
1572 501 1652 530 idem
1677 501 1722 530 bis
1749 507 1867 538 repetat.
1916 501 2019 539 Itaque
2044 503 2145 531 Denm

1278 539 1430 575 iustificari
1452 539 1484 568 in
1508 539 1570 568 suis
1595 539 1782 576 sermonibus,
1813 542 1837 568 ei
1863 540 2013 570 iudicando
2034 549 2146 577 parm

1278 585 1351 612 esse,
1378 586 1469 606 uuum
1490 582 1521 606 et
1538 577 1616 606 idem
1635 578 1810 616 significant.
1850 577 1908 608 Sed
1930 579 2000 616 quia
2026 578 2145 608 videtur

1277 615 1391 644 Paulae
1410 616 1496 644 Rom.
1517 615 1544 649 3,
1563 616 1583 644 4
1603 621 1662 644 teni
1684 625 1782 645 vocem
1802 617 1891 650 hano.
1915 625 2002 654 quam
2023 622 2144 646 senten·

1278 653 1350 682 tiam
1369 654 1459 682 totius
1474 663 1578 682 verena
1597 654 1654 682 alio
1670 654 1825 689 infleetere,
1847 655 1973 683 breviter
1989 655 2143 683 ostendam

1276 691 1419 728 quomodo
1440 692 1556 729 proprie
1576 692 1639 720 eius
1660 692 1791 721 instituto
1807 692 1961 722 oonveniat
1977 693 2053 729 quod
2070 692 2145 722 dieit-

1277 729 1383 758 David.
1424 729 1506 758 Haeo
1526 729 1642 766 quidem
1663 730 1751 759 verba
1771 731 1848 765 eitat.
1867 737 1901 759 ut
1916 730 2021 767 probet
2039 739 2144 767 qnam-

1278 767 1323 796 vie
1343 767 1493 805 foedifragi
1514 768 1574 796 sint
1594 768 1706 802 Iudaei,
1727 774 1754 796 et
1775 777 1792 796 a
1812 770 1906 805 gratia
1925 769 1980 797 sibi
1998 770 2145 805 promissa

1276 804 1446 840 exciderint,
1467 806 1564 834 Deum
1584 811 1683 835 tamen
1703 815 1758 835 non
1781 815 1844 836 esse
1860 806 2041 836 mendaeem:
2062 806 2144 844 qnod

1278 843 1372 880 primo
1387 843 1496 872 intuitu
1514 852 1570 872 non
1583 843 1700 873 videtur
1718 843 1786 873 hino
1801 853 1885 881 posse
1895 843 2000 882 colligi.
2026 843 2142 874 Vei-nm

1276 882 1302 910 ei
1318 881 1369 910 illa
1385 882 1467 910 ouius
1483 882 1610 917 memini,
1629 882 1848 911 oironmstantia
1865 882 1946 912 nohis
1962 883 1994 911 in
2010 886 2142 912 mentem

1276 919 1385 952 veniat.
1407 920 1488 949 facile
1500 919 1660 949 videbimus
1676 921 1804 958 apposite
1814 920 1918 950 adduci
1929 921 2140 950 testimonium.

1275 957 1351 987 Nam
1373 966 1463 994 quum
1484 967 1535 987 rex
1554 964 1585 987 et.
1603 957 1747 995 propheta
1766 964 1841 988 eseet
1860 959 1891 987 in
1918 958 2039 988 eooleeia
2067 968 2142 988 eou-

1276 996 1403 1032 spieuus,
1419 996 1547 1033 adeoque
1567 1000 1599 1024 ut
1615 998 1769 1033 praecipua
1784 997 1928 1031 autumna..
1945 1007 2000 1026 nou
2019 996 2142 1026 dubium

1276 1039 1321 1062 est
1340 1035 1410 1071 quin
1431 1033 1588 1063 multorum
1613 1035 1725 1064 animos
1752 1035 1930 1064 concusserit
1955 1035 2018 1065 eins
2044 1036 2143 1069 ruina,

1275 1072 1333 1101 imo
1363 1071 1448 1101 fidem
1478 1072 1700 1108 promissionum
1730 1072 1786 1102 Dei
1816 1073 2003 1102 labefaetarit.
2051 1073 2142 1103 Certe

1276 1115 1428 1146 putassent
1456 1110 1556 1144 multi,
1586 1111 1654 1147 quia
1680 1111 1763 1139 Deus
1792 1111 1939 1140 hominem
1970 1111 2053 1140 illum
2083 1110 2142 1140 eibi

1276 1153 1358 1176 tanta
1385 1148 1596 1178 nenessitudine
1626 1149 1831 1183 eoniunxerat.
1866 1154 1978 1186 partem
2009 1149 2141 1186 aliquam

1276 1185 1379 1223 eulpae
1399 1186 1549 1215 sustinere.
1592 1186 1668 1216 Heio
1699 1186 1863 1216 calumniae
1888 1188 2014 1217 ooeurrit
2028 1187 2141 1223 dieens,

1275 1223 1401 1253 Domine
1421 1224 1554 1260 quamvis
1574 1234 1620 1253 me
1640 1234 1656 1253 o
1674 1225 1752 1254 coelo
1779 1225 1941 1255 dett-aetum
1969 1225 2005 1254 ad
2030 1226 2142 1254 inferos

1275 1263 1456 1300 praeemit-as,
1478 1262 1575 1291 iacebo
1595 1267 1624 1292 et
1643 1263 1841 1293 succumbam:
1864 1268 1893 1292 tu
1915 1265 2026 1292 interea
2046 1263 2142 1293 tribu-

1275 1300 1324 1329 nal
1342 1305 1424 1329 tuum
1442 1300 1553 1329 tenebis
1569 1306 1602 1329 ut
1619 1300 1722 1338 dignus
1738 1311 1779 1336 os,
1798 1311 1852 1330 neo
1866 1302 1891 1330 si
1908 1301 1960 1330 tibi
1976 1301 2142 1331 obtreotent

1276 1339 1423 1371 homines.
1449 1338 1606 1375 quidquam
1627 1338 1747 1368 deoedet
1766 1347 1832 1368 tuae
1854 1340 1988 1368 iustitiae.
2027 1340 2064 1369 Iu
2083 1339 2142 1368 hae

1276 1381 1391 1406 tantum
1417 1381 1499 1414 parte
1526 1386 1544 1406 a
1569 1377 1726 1414 prophetae
1754 1378 1850 1407 verbis
1870 1377 1991 1407 disoedit
2017 1377 2142 1413 Paulus.

1276 1415 1353 1451 quod
1373 1423 1508 1452 graecum
1529 1415 1718 1452 interpretem
1736 1421 1882 1454 sequutus,
1904 1415 2057 1445 ludieandi
2073 1425 2142 1444 ver-

1278 1452 1346 1480 bum
1367 1453 1482 1489 passive
1504 1454 1622 1489 accipit:
1652 1458 1683 1482 et
1707 1463 1759 1491 pro
1785 1454 1928 1482 Mundum
1946 1463 2026 1489 esse,
2056 1453 2142 1492 ponit

1278 1491 1399 1520 vincere.
1439 1491 1611 1527 Caeterum,
1639 1501 1697 1520 non
1720 1493 1791 1520 adeo
1813 1493 1845 1520 in
1865 1491 2019 1522 renitandis
2040 1491 2141 1521 verbis

1276 1529 1403 1558 euriosos
1435 1529 1522 1558 fuisse
1549 1529 1702 1567 Apostolos
1734 1530 1845 1567 quoties
1870 1540 1906 1560 ex
1929 1530 1994 1568 lege
2019 1537 2049 1560 et
2066 1538 2143 1597 fro—

1277 1566 1373 1604 phetis
1392 1567 1558 1596 testimonia
1578 1567 1738 1602 adducunt.
1766 1569 1837 1598 satis
1857 1573 1959 1597 uotum
1978 1573 2030 1599 est.
2084 1569 2140 1598 deo

1278 1605 1410 1635 sufficere
1428 1605 1510 1634 nobie
1526 1605 1620 1642 dehet,
1636 1606 1711 1642 quod
1729 1611 1807 1636 reete
1823 1607 1902 1636 huno
1918 1607 2012 1636 locum
2026 1607 2142 1636 Paulus

1277 1644 1424 1681 proposito
1444 1653 1497 1673 suo
1516 1644 1719 1674 aoeommodet.
1759 1646 1855 1682 Atque
1882 1645 1950 1674 hino
1977 1644 2143 1683 oolligende

1277 1686 1323 1710 eet
1341 1682 1486 1719 generalis
1505 1681 1651 1711 doctrine:
1679 1682 1829 1720 Quidquid
1855 1683 2018 1720 reperietur
2035 1683 2142 1720 eulpae

1277 1720 1309 1748 in
1335 1719 1516 1755 hominibus,
1546 1721 1673 1750 residere
1699 1723 1730 1749 in
1756 1722 1841 1758 ipsis,
1877 1726 1911 1750 ut
1937 1721 1994 1750 Dei
2026 1722 2143 1751 iustitia

1276 1767 1392 1796 semper
1410 1758 1554 1796 integram
1575 1758 1691 1788 laudem
1720 1761 1852 1788 retineat.
1893 1759 2034 1788 Videmus
2060 1759 2143 1788 enim

1276 1804 1366 1862 {uam
1382 1796 1522 1834 saerilega
1540 1797 1579 1826 sit
1599 1797 1700 1826 mundi
1720 1797 1839 1827 audaoia
1859 1797 1895 1826 ad
1914 1796 2144 1835 obstrependum

1309 1843 1358 1870 eo,
1383 1834 1494 1870 quoties
1515 1844 1566 1870 pro
1585 1837 1681 1864 earnis
1702 1845 1791 1865 sensu
1811 1841 1839 1864 et
1857 1836 1978 1865 arbitrio
2007 1844 2068 1864 non
2094 1837 2143 1865 in-

1278 1872 1364 1902 dicat.
1403 1872 1481 1910 Ergo
1503 1878 1649 1911 uteunque
1668 1873 1831 1910 interdum,
1850 1874 1900 1903 ubi
1921 1874 1956 1902 de
1977 1873 2068 1902 nihilo
2087 1883 2144 1903 ex-

1278 1910 1357 1939 tollit
1376 1911 1456 1939 Deus
1476 1912 1738 1949 contemptissimos
1763 1919 1905 1949 quosque:
1937 1911 1983 1941 vel
2010 1920 2081 1949 quoe
2108 1912 2143 1942 in

1278 1949 1404 1977 sublime
1424 1948 1583 1984 extulerat,
1602 1951 1674 1979 sinit
1693 1959 1793 1979 ruere:
1822 1951 1852 1979 in
1872 1951 1918 1979 hia
1938 1950 2051 1980 indieiie
2070 1958 2142 1987 ape-

1278 1987 1337 2015 eiee
1357 1986 1453 2024 aliqua
1469 1989 1679 2025 repugnantiae
1699 1989 1746 2016 vel
1777 1988 1964 2018 absurditatis
1991 1997 2043 2018 nos
2068 1997 2142 2017 oon-

1278 2025 1391 2054 turbet:
1412 2029 1508 2054 tamen
1530 2025 1599 2055 haee
1619 2026 1777 2056 admonitio
1793 2027 1823 2056 in
1841 2027 1936 2056 sobria
1952 2026 2144 2064 modestaque

1278 2063 1443 2092 reverentie
1464 2072 1515 2092 nos
1537 2064 1699 2098 eontineat‚
1729 2064 1866 2102 quidquid
1893 2069 2006 2094 statuat
2029 2065 2143 2095 iustum

1278 2111 1350 2130 ense.
1383 2100 1508 2138 Ideoque
1529 2105 1586 2130 tam
1610 2103 1639 2130 iu
1659 2103 1793 2139 operibus
1814 2113 1900 2139 qnam
1920 2104 1950 2131 in
1970 2102 2056 2133 dietis
2075 2103 2143 2133 eiue

1278 2149 1394 2177 eemper
1423 2139 1533 2177 fulgere
1552 2149 1695 2170 summam
1718 2141 1802 2170 rectit
1844 2143 1928 2170 inem.
1969 2141 2060 2171 Pon-o
2086 2141 2143 2171 ad·

1278 2177 1413 2207 verbium
1431 2179 1469 2212 ut.
1490 2178 1536 2208 vel
1554 2177 1720 2208 hebraicum
1754 2151 1838 2223 pag,
1858 2189 1916 2209 non
1934 2184 1995 2209 tam
2010 2184 2055 2208 eat
2069 2188 2142 2209 oau-

1278 2216 1339 2244 eale
1366 2216 1419 2244 hoo
1449 2216 1510 2245 loeo
1537 2225 1622 2253 quam
1652 2185 1888 2255 eonseguentiam
1916 2222 2014 2249 notat.
2043 2227 2063 2246 n
2102 2227 2143 2247 ne

1279 2254 1358 2283 enim
1378 2255 1494 2321 progr-ie
1513 2253 1638 2284 Davidis
1659 2255 1741 2292 lapsu
1762 2257 1870 2285 faetum
1889 2260 1934 2285 est
1951 2260 1984 2284 ut
2000 2255 2057 2285 Dei
2075 2265 2142 2322 5³0-

1279 2292 1323 2321 ria
1342 2291 1373 2320 in
1399 2292 1428 2321 iu
1449 2292 1510 2321 ioiie
1535 2292 1692 2322 emineret:
1722 2293 1771 2323 sed
1800 2303 1891 2331 quum
1916 2293 2060 2331 peeeaudo
2113 2294 2142 2324 ei

1278 2330 1421 2359 iustitiam
1448 2332 1602 2359 obeourent
1626 2331 1770 2366 hominen.
1801 2332 1871 2362 dieit
1898 2331 2016 2360 tandem
2044 2332 2144 2369 ipeam

1278 2377 1332 2400 sm
1352 2369 1462 2398 virtute
1481 2377 1645 2406 emergere,
1675 2373 1707 2398 ut
1734 2374 1871 2407 appareat
1891 2370 2044 2399 illustrior:
2070 2371 2142 2406 quin

1278 2406 1428 2444 proprium
1441 2406 1494 2435 Dei
1506 2415 1613 2436 munus
1631 2412 1683 2441 est.
1701 2407 1795 2437 lucem
1811 2408 1932 2438 eduoere
1948 2417 1985 2437 ex
2002 2406 2141 2438 tenebris.

1355 2444 1381 2472 ⁷.
1403 2442 1485 2483 (Eece
1501 2446 1531 2473 in
1549 2446 1715 2484 iniquitate.)
1754 2446 1814 2474 lam
1837 2455 1896 2475 non
1923 2446 2009 2475 modo
2027 2447 2142 2484 peceati

1278 2483 1365 2512 unius
1382 2482 1431 2512 vel
1450 2483 1578 2520 plurium
1599 2485 1700 2518 etiam.
1726 2484 1802 2513 sient
1821 2485 1977 2520 haetenus,
2003 2493 2035 2514 ee
2054 2493 2143 2514 teum

1278 2520 1398 2554 fatetur,
1424 2520 1476 2550 sed
1497 2521 1583 2551 altius
1602 2522 1784 2557 eoneoendit,
1809 2531 1840 2552 se
1866 2522 1902 2552 ab
1927 2529 2010 2552 utero
2034 2524 2142 2553 meti-ie
