2396 3041
277 356 332 387 169

278 443 363 473 dixit.
400 442 462 472 Nee
492 452 560 473 vero
591 443 769 480 propositum
799 443 855 472 fuit
881 442 917 472 de
943 442 1072 480 qualibet
1090 442 1148 472 Dei

277 481 389 511 iustitia
407 481 559 516 disserere,
578 480 631 510 sed
650 490 738 519 quam
758 489 790 510 er
811 489 829 510 s
848 480 956 511 electos
975 490 1043 511 suos
1062 490 1148 519 pecn-

276 519 389 549 liariter
407 519 544 556 explicat.
575 519 661 549 Nune
681 527 752 557 ergo
772 490 915 557 sffiungm
934 519 1032 549 Deum
1048 528 1148 549 euram

278 557 386 588 babere
415 557 517 595 populi
543 557 603 593 sui,
632 562 665 586 ut
694 557 915 586 necessitatibus
945 558 1007 587 eius
1037 558 1148 596 prospi-

277 597 341 626 ciat.
371 601 446 647 &pn
464 595 580 634 saepius
595 595 655 625 aeei
676 595 735 625 ‘tur
751 605 804 634 pro
824 595 947 633 praeda:
968 600 1088 626 vertunt
1097 595 1149 626 ah'i

277 634 393 665 numm.
433 633 510 664 Mihi
530 642 635 663 nomen
681 633 801 663 ortionis
820 633 915 672 magis
939 634 1063 672 placuit:
1091 643 1148 672 quo

278 673 366 702 etiam
386 681 471 702 sensu
493 672 628 707 sumitur,
649 671 788 701 Proverb.
814 671 860 707 30,
881 672 899 701 8
918 678 949 701 et
967 673 1015 708 31,
1043 672 1093 702 15:
1114 681 1148 702 ae

277 712 303 740 si
322 711 441 748 diceret,
461 709 559 740 Deum
577 709 685 748 populo
705 719 758 739 suo
779 710 893 740 dedisse
913 710 1055 748 quidquid
1075 720 1147 748 opus

279 753 349 785 erat,
370 753 399 778 et
419 748 475 778 hoo
494 748 583 778 fuisse
598 748 681 785 quasi
694 747 813 778 liberale
829 747 1009 778 demensum.
1031 747 1148 779 Scimus

278 787 356 817 enim
386 786 523 824 populum
543 786 635 816 Israel
666 796 724 816 non
755 795 808 815 sua
833 786 987 823 industria,
1013 787 1063 816 sed
1090 786 1148 817 Dei

278 825 478 855 benedictione
497 825 585 854 fuisse
607 825 740 859 ditatum,
767 834 800 854 ae
824 825 849 853 si
869 825 1077 862 paterfamilias
1097 825 1148 854 do-

278 863 405 894 mesticis
419 863 480 893 suis
491 872 637 893 annonam
654 863 821 900 victumque
833 861 985 893 divideret.
1013 862 1148 894 Secundo

279 901 410 932 membro
436 910 551 931 causam
581 901 668 930 huius
694 910 781 930 curae
808 900 990 930 liberalitatis
1011 901 1146 940 assignat,

279 940 347 978 quia
375 939 486 970 seilicet
509 939 618 969 affeetu
642 939 767 977 probaro
794 939 919 968 voluerit
940 939 1040 968 foedus
1061 949 1145 969 suum

279 988 335 1008 non
357 988 420 1008 esse
439 978 558 1008 irritam
578 977 624 1007 vel
651 977 746 1007 inane.
787 977 885 1015 Atque
911 977 965 1007 hoe
991 977 1148 1016 diligenter

278 1016 439 1046 notandum
459 1021 510 1052 est,
528 1016 614 1045 sicuti
635 1015 706 1045 elim
726 1015 851 1045 foederis
870 1015 991 1054 gratuiti
1012 1022 1146 1053 respectu

280 1059 338 1085 tam
358 1055 484 1092 benigne
502 1055 562 1092 egit
578 1063 644 1083 cum
660 1054 767 1091 populo
778 1053 879 1090 Israel,
895 1055 936 1083 ita
956 1064 1013 1084 non
1031 1054 1148 1083 aliunde

279 1093 370 1122 fluere
399 1091 539 1122 beneficia
566 1092 671 1129 quibus
699 1101 751 1121 nos
778 1101 861 1130 prose
885 1092 972 1128 uitur,
1002 1093 1059 1122 nisi
1079 1093 1148 1130 quia

280 1140 332 1161 uos
361 1130 418 1160 sibi
446 1129 596 1168 adoptavit
618 1129 649 1159 in
675 1130 823 1168 populum.
891 1139 958 1160 erro
977 1132 1148 1161 memoriam

279 1169 404 1199 foederis
418 1178 534 1206 semper
549 1169 648 1206 vigere
664 1169 746 1198 dicit:
763 1169 831 1205 quia
847 1178 995 1206 nunquam
1006 1169 1150 1207 fatigatur

279 1207 372 1242 Deus,
391 1207 518 1244 benigne
535 1216 605 1236 euos
624 1206 785 1236 tractando.
813 1205 906 1236 Sicuti
927 1212 1025 1236 autem
1047 1208 1082 1236 de
1102 1207 1148 1236 die

278 1246 310 1276 in
331 1245 407 1274 diem
429 1245 464 1274 ad
484 1250 648 1275 extremum
668 1254 760 1283 usque
779 1246 933 1275 continuat
950 1247 1065 1283 gratiae
1075 1255 1145 1275 suae

281 1283 457 1318 testimonia,
484 1283 527 1312 sie
551 1283 638 1313 fidem
667 1289 804 1317 nostram,
829 1289 863 1312 ut
883 1284 1063 1313 constantiae
1084 1284 1146 1313 eius

279 1322 461 1360 respondeat,
480 1331 539 1350 non
559 1322 669 1350 fluxam
690 1331 755 1351 esse
773 1325 895 1358 oportet,
924 1322 974 1350 sed
1007 1323 1095 1351 vitam
1118 1325 1147 1351 et

280 1364 403 1390 mertem
416 1359 646 1389 transscendere.
671 1359 828 1389 Proximus
844 1369 943 1389 versus
958 1360 1146 1398 expositionis

279 1398 342 1429 loeo
362 1397 478 1428 additus
498 1403 550 1431 est.
579 1397 678 1427 Deum
698 1398 728 1427 in
749 1397 844 1427 danda
863 1397 995 1436 gentium
1016 1398 1148 1428 haeredi-

281 1441 340 1466 tate
361 1437 498 1466 virtutem
525 1445 644 1480 operum
672 1445 790 1464 suorum
819 1436 1022 1466 manifestasse
1042 1437 1146 1474 populo

279 1484 342 1504 sno.
380 1474 482 1504 Utitur
501 1474 617 1512 quidem
639 1475 727 1503 verbo
747 1474 943 1511 annuntiandi,
968 1475 1018 1504 ssd
1040 1475 1146 1504 realem

281 1512 526 1551 praedicationem
545 1512 699 1550 intelligit:
728 1512 796 1550 quia
815 1512 922 1542 Terrae
942 1517 1059 1543 sanotae
1079 1523 1146 1550 pos-

281 1552 372 1580 sessio
391 1560 450 1580 non
470 1550 641 1580 humanitus
660 1556 744 1588 perta
763 1555 817 1588 est,
836 1551 886 1580 sed
908 1551 1024 1581 coelesti
1040 1552 1146 1581 virtute

281 1589 380 1618 multis
402 1599 437 1617 ue
467 1589 614 1617 miraculis
643 1588 764 1617 tradita:
796 1599 828 1618 ae
856 1589 879 1617 ei
909 1589 1003 1626 palam
1025 1594 1148 1618 testatus

281 1631 358 1657 esset
414 1636 466 1656 ens
491 1627 560 1656 filiis
584 1626 722 1656 Abrahae
750 1636 836 1664 quam
858 1627 1077 1664 incomparabili
1097 1637 1146 1666 po-

282 1665 374 1695 tentia
393 1666 432 1694 sit
453 1666 608 1703 praeditus.
639 1665 706 1694 Huc
724 1667 812 1694 etiam
833 1666 959 1702 pertinet
979 1666 1054 1704 qnod
1074 1666 1146 1695 mul-

281 1702 319 1733 tis
337 1703 475 1741 gentibus
494 1703 632 1740 populum
653 1703 781 1740 opponit,
803 1703 854 1740 qui
874 1708 960 1739 certe,
980 1705 1036 1733 nisi
1057 1705 1148 1734 fretus

281 1741 398 1809 {celesti
425 1741 542 1778 auxilio,
567 1751 717 1780 nunquam
744 1741 952 1779 praevaluisset
979 1747 1081 1772 eontra
1107 1746 1150 1772 tot

302 1783 388 1810 ostes

359 1818 385 1847 ⁷.
405 1817 513 1856 (Opera
532 1827 667 1847 mannum
686 1818 769 1856 eius.)
807 1818 910 1848 Priore
935 1828 1040 1848 versus
1068 1822 1150 1856 parte

283 1854 436 1891 exclamat,
456 1855 571 1886 fidelem
591 1861 619 1885 et
639 1860 749 1886 rectum
771 1857 801 1885 in
822 1858 883 1886 suis
902 1857 1037 1894 operibus
1052 1857 1148 1886 Deum

283 1895 431 1932 cognosci:
453 1894 557 1924 deinde
577 1894 700 1924 eandem
722 1895 874 1923 veritatem
895 1901 924 1924 et
944 1895 1148 1925 rectitudinem

282 1933 313 1961 in
339 1932 471 1962 doctrina
496 1933 569 1970 legis
594 1933 794 1962 commendat:
821 1942 854 1961 ac
881 1933 905 1962 si
926 1933 1041 1968 diceret,
1072 1933 1150 1962 inter

282 1970 360 2000 dicta
376 1976 406 2000 et
421 1971 497 2000 saeta
508 1971 563 2000 Dei
582 1971 788 2008 pulcerrimum
804 1980 867 2000 esse
883 1981 1065 2006 eonsensum,
1082 1972 1150 2009 quia

282 2009 390 2047 ubique
421 2019 509 2038 verax
540 2009 692 2046 iustusque
719 2014 847 2046 apparet.
887 2009 952 2039 Etsi
981 2015 1077 2040 antem
1104 2019 1148 2039 re-

281 2047 412 2084 demptio
432 2047 539 2077 veteris
560 2047 658 2084 populi
680 2047 863 2076 memorabile
894 2047 983 2077 huius
1002 2047 1043 2077 rei
1065 2047 1149 2078 docu-

282 2091 415 2114 mentum
442 2086 507 2120 fuit,
534 2095 594 2114 uon
621 2090 718 2114 tamen
746 2084 845 2114 dubito
865 2086 936 2123 quin
956 2085 1009 2115 suh
1029 2095 1148 2123 operum

282 2124 401 2154 nomine
420 2125 587 2153 continuam
607 2123 744 2153 eeclesiae
765 2123 1003 2161 gubernationem
1025 2125 1148 2162 eomple-

281 2170 339 2192 xus
363 2161 403 2191 sit
429 2162 587 2199 propheta:
616 2161 683 2199 quin
709 2171 767 2191 nou
790 2161 901 2191 destitit
919 2161 1000 2192 Deus
1022 2161 1149 2200 quotidie

281 2209 314 2230 ae
332 2200 455 2238 probare
475 2205 504 2229 et
523 2200 630 2229 iustum
653 2203 681 2229 et
702 2209 844 2235 veracem,
865 2204 893 2228 et
913 2200 990 2230 hunc
1011 2201 1148 2238 quasiin-

282 2238 460 2276 l'atigabilem
480 2247 598 2268 cursum
619 2244 724 2268 tenere.
765 2238 940 2275 Quanquam
960 2243 1058 2268 autem
1074 2239 1150 2269 iuter

282 2275 416 2306 homines
436 2276 500 2314 plus
521 2281 597 2306 esset
617 2286 705 2305 manu
726 2285 810 2314 quam
833 2276 933 2314 lingua
947 2276 1071 2314 aliquem
1082 2286 1148 2315 cog·

283 2315 364 2344 nosci
389 2315 513 2344 iustum:
543 2315 610 2352 qnia
635 2319 735 2343 tamen
762 2314 895 2343 doctrina
914 2314 986 2352 legis
1014 2315 1074 2344 vita
1094 2316 1150 2344 fuit

282 2357 314 2382 et
331 2352 411 2383 salus
430 2352 539 2390 populi,
559 2362 617 2382 non
639 2352 690 2383 abs
707 2362 738 2382 re
755 2352 895 2390 propheta
912 2353 1043 2390 pluribus
1054 2353 1150 2383 verbis

283 2391 316 2420 in
334 2391 391 2421 hae
409 2390 537 2421 secunda
564 2396 646 2428 parte
671 2390 788 2425 insistit,
819 2391 932 2420 veracia
961 2401 1024 2420 esse
1053 2392 1151 2421 omnia

283 2433 395 2458 statuta
423 2429 537 2466 dicens,
564 2434 704 2466 perpetuo
730 2439 856 2464 manere,
877 2428 913 2458 ad
933 2439 1063 2458 summae
1083 2430 1150 2459 fidei

284 2471 315 2497 et
332 2467 517 2498 rectitudinis
536 2477 669 2497 normam
689 2471 790 2496 exacte
817 2477 879 2496 esse
905 2468 1072 2504 composita.
1111 2468 1152 2497 Et

283 2510 362 2536 certe
391 2506 448 2535 nisi
478 2515 559 2536 sacro
587 2505 658 2544 legis
685 2505 801 2535 vinculo
827 2505 964 2543 populum
994 2505 1048 2536 sibi
1068 2505 1150 2536 Deus

284 2543 461 2582 copulasset,
497 2553 637 2582 perquam
673 2543 770 2572 tenuis
806 2544 907 2574 fuisset
941 2543 1150 2582 redemptionis

1022 357 1214 390 PSALMUS
1234 357 1317 389 oxl.

2005 360 2062 390 170

1195 443 1316 478 fruetus,
1341 441 1469 487 adeoque
1488 443 1589 473 statim
1609 443 1775 488 ⁰3⁸⁰in
1792 443 1968 489 grat-isilla.
2006 443 2067 488 No-

1195 485 1439 549 {2222112‘35022‘
1440 485 1578 550 ‘3:23
1596 480 1971 551 ssssnffibssivffimfssiff'
1998 491 2067 520 ‘³⁰¹⁸

1271 595 1298 625 9.
1318 601 1342 632 Β
1361 594 1586 632 Redempuonm
1610 596 1687 626 mise
1701 596 1806 634 populo
1824 606 1890 627 suo:
1907 603 1930 634 3
1948 597 2067 627 manda-

1195 634 1235 663 vit
1257 633 1290 663 in
1313 635 1456 663 calmum
1471 633 1572 671 foedus
1593 643 1690 664 sum:
1714 639 1739 670 τ
1757 637 1883 665 sanatam
1902 637 1927 665 st
1945 634 2068 666 cambae

1195 681 1292 702 nomen
1309 672 1378 701 eius.
1422 672 1468 715 ις).
1495 679 1519 708 η
1546 652 1728 710 Principe-ml
1747 673 1901 710 sapientiae
1920 674 2004 703 tamor
2022 673 2068 703 Ie-

1192 709 1286 746 ]umae,
1299 716 1343 754 ‚v
1362 708 1546 748 inamoenis
1571 710 1641 741 bona
1660 713 1764 741 eunetis
1780 711 1947 748 facientibus
1965 720 2016 741 ea.-
2041 717 2067 747 n

1196 748 1260 779 laus
1278 757 1340 778 ems
1358 750 1450 778 nannet
1464 750 1606 786 mano.

1270 823 1296 853 9.
1338 823 1566 862 Redemptio-rem
1591 825 1670 855 misit
1693 825 1798 862 populo
1825 827 1898 864 suc.)
1946 825 1992 856 Re
2030 826 2067 855 tit

1195 861 1259 892 aliis
1281 871 1331 892 ver
1351 863 1375 892 is
1401 861 1478 900 quod
1502 863 1561 892 iam
1586 862 1718 893 dixerat:
1740 864 1807 901 quia
1827 863 1944 894 initium
1964 835 2067 894 suffitia

1194 900 1250 930 fuit
1268 900 1439 938 redemptio,
1458 909 1522 930 cem
1543 901 1639 940 priore
1659 901 1722 931 loeo
1741 901 1860 931 statuit:
1880 901 1986 932 deinde
2005 901 2067 932 sdi-

1194 938 1293 977 iungit
1319 939 1569 969 confirmationem
1599 941 1630 968 iu
1657 939 1727 978 lege,
1747 949 1807 977 qna
1831 940 1939 970 factum
1966 944 2010 970 est
2028 949 2067 970 ue

1195 987 1323 1044 ulriiffiiafli
1351 977 1496 1022 excideret
1515 977 1574 1044 Dtei
1600 977 1839 1046 adoptiffi’mhsstsi
1859 978 1936 1008 enim
1963 977 2066 1046 *bg-'³⁰⁸

1195 1024 1211 1044 e
1320 1024 1373 1044 ens
1403 1024 1440 1052 pe
1462 1025 1469 1044 ι
1492 1025 1542 1045 era
1585 1025 1653 1046 eum
1789 1025 1845 1051 am,
1895 1024 1948 1046 use
1975 1025 1991 1046 e
2005 1025 2066 1047 iam

1195 1063 1283 1083 cauea
1302 1054 1357 1082 fuit
1377 1024 1538 1083 redirpnegndi
1559 1054 1672 1092 populi:
1693 1055 1749 1084 hoc
1768 1025 2010 1093 tamenqeloginm
2026 1054 2064 1084 ad

1195 1091 1290 1129 legem
1315 1091 1449 1126 retertur,
1496 1100 1533 1122 ua
1560 1092 1704 1122 sancitum
1728 1092 1832 1122 foedus
1855 1092 1920 1129 fuit,
1946 1102 1984 1122 ne
2010 1103 2065 1122 un-

1195 1139 1283 1168 quam
1302 1129 1443 1160 efflueret.
1508 1139 1606 1160 emma
1626 1131 1684 1160 hue
1703 1130 1788 1167 redit,
1810 1131 1907 1161 Deum
1927 1140 1987 1160 uon
2009 1139 2066 1160 uno

1196 1173 1310 1197 tantum
1341 1168 1388 1198 die
1412 1167 1571 1198 beneficum
1603 1169 1692 1198 fuisse
1717 1172 1831 1208 patrem
1856 1169 1887 1198 in
1915 1169 2067 1199 liberando

1195 1206 1310 1244 populo,
1335 1206 1385 1236 sed
1411 1207 1538 1244 gratiam
1564 1217 1647 1236 suam
1677 1207 1741 1245 lege
1765 1208 1948 1245 promulgata
1978 1206 2067 1236 stabi-

1195 1244 1282 1283 liisse,
1303 1249 1334 1274 ut
1354 1254 1421 1282 spes
1441 1245 1517 1275 vitae
1537 1250 1673 1274 aeternae
1692 1255 1807 1284 semper
1828 1246 1857 1274 in
1879 1245 2000 1275 ecelesia
2019 1255 2066 1275 re·

1195 1283 1310 1312 sideret.
1348 1283 1441 1312 Porro
1467 1283 1623 1313 tenendum
1649 1287 1693 1313 est
1718 1283 1793 1321 quod
1821 1283 1888 1313 alibi
1916 1283 2065 1318 admonui,

1195 1326 1225 1350 et
1243 1321 1335 1350 fusius
1355 1320 1544 1358 repetendum
1570 1322 1626 1350 erit
1643 1321 1761 1351 Psalmo
1790 1321 1852 1357 119,
1875 1322 1925 1350 uhi
1946 1321 1981 1350 de
2002 1321 2066 1359 lege

1195 1369 1289 1388 sermo
1308 1359 1440 1393 habetur,
1467 1369 1524 1388 non
1549 1369 1663 1397 semper
1690 1360 1768 1389 unda
1795 1364 1947 1404 praecepta
1972 1360 2063 1398 arripi

1195 1397 1314 1426 debere:
1345 1397 1412 1434 quia
1437 1398 1555 1435 spiritus
1581 1404 1700 1428 sanctus
1726 1407 1854 1428 maxime
1879 1397 1916 1427 ad
1942 1398 2064 1436 promis·

1195 1436 1289 1464 aiones
1318 1436 1350 1464 in
1378 1435 1497 1464 Christo
1523 1435 1660 1464 fundatas
1691 1437 1822 1473 respicit,
1850 1436 1955 1473 quibus
1984 1436 2064 1466 Deus

1195 1473 1317 1518 electum
1339 1473 1478 1512 populum
1497 1473 1553 1503 sibi
1572 1473 1719 1512 colligens,
1748 1475 1779 1504 in
1799 1475 1891 1503 vitam
1912 1479 2065 1503 aeternam

1195 1517 1529 1594 reffexigitkfflmfm
1541 1550 1705 1589 sapentiae.)
1745 1551 1905 1588 Postquam
1916 1550 1957 1594 'de
1977 1550 2065 1594 bene-

1195 1588 1268 1618 ficus
1287 1587 1344 1617 Dei
1364 1593 1552 1618 concionatus
1571 1592 1616 1618 est
1635 1587 1785 1626 propheta,
1806 1594 1836 1617 et
1855 1587 1941 1618 iustis
1961 1587 2064 1626 elogiis

1195 1626 1289 1664 legem
1309 1626 1440 1656 ornavit:
1460 1635 1539 1656 nune
1559 1626 1659 1656 fideles
1677 1626 1715 1656 ad
1734 1626 1827 1664 ipsios
1846 1626 1903 1656 Dei
1928 1636 2067 1656 reveren-

1195 1665 1275 1699 tiam,
1305 1665 1435 1702 legisque
1455 1664 1615 1694 servandae
1635 1665 1763 1694 studium
1785 1665 1927 1695 hortetur.
1968 1665 2066 1694 Timo-

1197 1712 1260 1732 rem
1279 1702 1346 1738 Dei,
1376 1702 1551 1740 principium
1572 1703 1619 1731 vel
1640 1707 1729 1740 eaput
1749 1703 1907 1740 sapientiae
1927 1703 2065 1739 vocando,

1194 1751 1244 1771 eos
1271 1750 1373 1770 omnes
1396 1740 1515 1770 damnat
1542 1741 1686 1771 amentiae
1711 1741 1761 1778 qui
1788 1750 1818 1771 se
1840 1741 1902 1771 Deo
1927 1741 1960 1770 in
1980 1741 2063 1771 obse-

1195 1779 1295 1817 quium
1315 1788 1374 1808 non
1394 1779 1547 1809 addicunt:
1568 1788 1601 1808 ac
1619 1780 1643 1808 si
1665 1779 1779 1813 diceret.
1801 1780 1900 1809 brutos
1918 1787 1980 1808 esee
2001 1788 2066 1809 om·

1195 1828 1246 1846 nes
1267 1826 1321 1846 nee
1339 1816 1434 1854 prima
1455 1822 1554 1846 tenere
1573 1817 1738 1847 rudimenta
1759 1823 1836 1848 reete
1852 1817 1994 1855 sapiendi,
2014 1818 2063 1855 qui

1194 1855 1252 1885 Dei
1272 1855 1376 1885 timore
1394 1855 1512 1894 penitus
1532 1855 1638 1885 imbuti
1660 1865 1719 1885 non
1740 1860 1818 1890 sunt,
1845 1860 1874 1885 et
1894 1856 1985 1886 vitam
2005 1865 2064 1885 non

1195 1899 1371 1932 componunt
1391 1893 1427 1923 ad
1448 1894 1510 1923 eius
1531 1893 1633 1932 legem.
1672 1894 1757 1930 Quod
1784 1893 1941 1932 diligenter
1959 1898 2066 1923 notan-

1195 1933 1263 1960 dum
1284 1935 1335 1966 est,
1358 1941 1424 1960 uam
1446 1941 1536 1968 quum
1556 1942 1658 1969 sapere
1677 1933 1786 1970 passim
1802 1936 1943 1970 appetant
1955 1941 2064 1967 omnes,

1195 1975 1273 2000 totus
1294 1970 1353 1999 fere
1371 1969 1506 2005 mundus,
1522 1974 1688 2008 contempto
1706 1971 1777 2006 Deo,
1797 1971 1828 2000 in
1847 1980 1939 2008 prava
1958 1971 2066 2000 astutia

1195 2009 1250 2038 sibi
1275 2008 1380 2046 plaeet-
1421 2007 1520 2044 Quum
1549 2018 1619 2046 ergo
1643 2009 1761 2046 pessimi
1782 2009 1889 2047 quique
1911 2017 1980 2046 prae
2000 2008 2066 2038 aliis

1195 2055 1298 2083 sapere
1323 2046 1488 2082 credantur,
1515 2051 1545 2076 et
1571 2047 1626 2076 hae
1653 2046 1759 2077 fiducia
1786 2051 1937 2084 turgentes
1962 2050 2065 2076 eontra

1196 2084 1291 2114 Deum
1310 2094 1342 2114 se
1360 2083 1513 2119 obdurent,
1534 2085 1677 2122 propheta
1692 2094 1808 2114 emnem
1830 2084 1932 2114 mundi
1949 2085 2065 2122 sapien-

1196 2123 1276 2158 tiam,
1305 2121 1367 2152 sine
1388 2121 1444 2152 Dei
1465 2123 1576 2158 timore,
1604 2123 1716 2158 fumum
1735 2123 1782 2152 vel
1801 2123 1890 2152 inane
1916 2133 1930 2152 s
1986 2129 2064 2153 trum

1196 2171 1259 2190 esse
1279 2161 1456 2198 pronuntiat.
1495 2161 1537 2190 Et
1556 2166 1635 2191 certe
1652 2162 1816 2200 quicunque
1838 2162 1922 2191 viven
1945 2161 1953 2190 i
1974 2161 2064 2190 finem

1196 2209 1255 2228 uon
1283 2204 1392 2234 tenent,
1422 2208 1471 2228 eos
1499 2198 1630 2236 desipere
1658 2205 1687 2228 et
1714 2204 1811 2228 mente
1837 2199 1978 2228 alienatos
2002 2208 2065 2228 esse

1195 2243 1306 2267 eertum
1326 2241 1381 2267 eet.
1419 2236 1512 2275 Atqui
1540 2238 1570 2266 in
1598 2236 1652 2267 hee
1679 2238 1739 2267 nati
1759 2247 1859 2267 sumus
1879 2242 1907 2266 et
1928 2236 2064 2272 vivimus,

1195 2281 1228 2305 ut
1246 2285 1299 2306 nos
1318 2284 1505 2305 exerceamus
1523 2275 1555 2304 in
1569 2275 1627 2305 Dei
1647 2275 1738 2310 cultu,
1759 2275 1840 2305 nulla
1855 2285 1925 2314 erg-e
1939 2275 2066 2305 deterior

1195 2314 1328 2349 caecitas,
1347 2313 1446 2343 nullus
1466 2314 1560 2351 magis
1579 2313 1682 2343 brutus
1697 2318 1807 2351 stupor,
1829 2323 1917 2350 quam
1933 2313 1981 2342 ubi
1996 2323 2065 2343 eon·

1195 2357 1305 2390 tempto
1325 2351 1389 2381 Deo
1419 2351 1517 2382 studia
1543 2357 1644 2382 nostra
1667 2351 1724 2381 alio
1750 2353 1963 2382 convertimus:
1993 2360 2064 2390 qua-

1196 2399 1309 2428 cunque
1329 2390 1407 2420 enim
1421 2389 1536 2420 vafritie
1549 2390 1678 2428 polleant
1692 2390 1825 2419 homines
1841 2390 1964 2428 profani,
1984 2389 2066 2420 deest

1195 2429 1253 2458 illis
1281 2432 1377 2466 eaput,
1402 2428 1456 2458 hoc
1481 2433 1525 2458 est
1553 2437 1624 2458 vera
1646 2429 1749 2465 pietas.
1798 2428 1908 2457 Eodem
1938 2429 2064 2466 pertinet

1196 2467 1271 2504 quod
1301 2476 1372 2496 mox
1399 2466 1531 2503 additur,
1563 2466 1750 2504 prudentiam
1778 2465 1884 2496 bonam
1914 2476 1978 2497 esse
2006 2464 2064 2497 Dei

1196 2504 1334 2535 mandata
1360 2504 1562 2543 servantibus,
1588 2513 1622 2534 se
1646 2505 1677 2534 in
1706 2504 1834 2543 epitheto
1863 2511 1938 2543 mn,
1963 2505 2064 2535 subest

1196 2553 1303 2582 magna
1330 2543 1490 2581 emphasis:
1522 2543 1590 2580 quia
1617 2543 1737 2572 stultam
1766 2544 1998 2581 persuasionem,
2028 2543 2065 2572 de
