2396 3041
373 350 430 381 455

373 445 486 473 quoque
506 434 576 464 vitio
602 443 660 463 non
686 438 788 463 carent
812 432 929 463 luxuria
949 437 978 462 st
995 432 1161 470 superfluae
1185 431 1236 460 de·

373 473 472 504 liciae:
506 472 544 502 ab
568 471 661 502 altere
688 478 787 500 tamen
812 476 894 509 parte
919 469 1050 500 cavenda
1076 475 1122 500 est
1145 469 1237 499 nimia

374 511 536 544 austeritas.
561 519 600 539 ne
626 509 806 547 moderatum
835 507 1032 546 splendorem,
1058 509 1109 545 qui
1135 517 1237 537 eorum

373 549 510 587 dignitati
526 548 706 584 respondeat,
724 556 844 585 prorsus
857 547 1037 581 damnemus,
1053 547 1139 576 sicuti
1149 545 1236 584 paulo

395 594 439 617 oet
454 586 601 617 inducitur
619 587 719 623 regina
734 589 902 622 sumptuose
918 591 947 614 et
957 584 1111 622 magnifice
1125 588 1237 613 oruata.

373 597 491 654 l’riferea
511 633 607 653 tamen
634 624 783 654 sciendum
807 629 859 658 est,
885 633 942 652 non
968 622 1123 659 probatum
1147 622 1237 651 fuisse

375 663 439 692 Deo
459 662 598 699 quidquid
619 662 666 691 bie
687 662 821 691 laudatur
840 661 870 690 in
889 660 1052 691 Solomone.
1086 662 1186 698 Atque
1204 665 1237 688 ut

374 701 410 730 de
429 701 493 730 aliis
513 707 635 735 taceam,
662 700 723 729 Deo
749 703 828 729 certe
851 700 950 728 statim
972 698 1009 728 ab
1028 699 1111 728 initio
1136 697 1236 735 displi-

374 739 434 770 cuit
455 738 628 777 polygamis.
668 738 759 774 Atqui
778 738 856 766 inter
875 737 1091 766 benedictiones
1110 735 1167 765 Dei
1186 745 1237 780 po-

374 781 487 806 nuntur
511 777 703 811 concubinae,
730 785 821 812 neque
848 775 924 805 euim
952 775 1073 804 dubium
1098 779 1143 804 est
1166 783 1237 812 qum

373 825 425 854 per
446 814 621 844 honorabiles
645 813 787 851 prophete
812 813 957 851 significet
982 822 1088 842 uxores
1113 821 1237 849 quarum

374 853 444 884 alibi
462 853 497 882 fit
516 852 634 882 mentio.
674 851 817 888 Quamvis
835 853 914 880 enim
940 861 1087 880 summum
1113 850 1236 888 gradum

373 897 486 921 teneret
510 899 585 920 uxor
604 890 760 928 Aegyptia,
786 890 858 919 alias
880 894 979 919 tamen
999 898 1070 926 quas
1087 898 1171 919 sacra
1190 888 1234 918 hi-

372 930 462 959 storia
480 929 513 958 in
532 927 627 958 medio
646 928 747 958 ordine
765 928 861 966 ponit.
885 927 1045 958 liberaliter
1065 933 1095 957 et
1122 926 1237 956 honori-

372 969 425 998 fice
446 971 584 997 tmtatas
605 966 694 996 fuisse
713 970 849 1003 apparet:
869 975 940 1002 quas
958 965 1024 994 ideo
1043 965 1120 994 filias
1136 975 1236 1002 regum

373 1010 457 1037 vocat
473 1007 623 1043 propheta,
643 1005 717 1041 quod
735 1014 773 1034 ex
787 1003 846 1033 illis
861 1003 1021 1033 nonnullae
1036 1006 1117 1040 regio
1132 1011 1238 1040 genere

372 1050 453 1073 ortes
473 1048 579 1072 essent.
620 1041 685 1078 Quo
705 1042 790 1072 modo
816 1042 906 1080 igitur
929 1042 1123 1080 polygamiam
1150 1050 1237 1078 quam

373 1082 455 1112 Deus
474 1082 505 1111 in
526 1081 649 1119 privatis
670 1081 812 1116 omnibus,
831 1080 1006 1109 nominatim
1027 1088 1095 1109 vero
1113 1080 1145 1108 in,
1164 1079 1238 1116 regi-

371 1121 427 1150 bus
446 1118 600 1156 improbat.
625 1119 657 1147 iu
676 1119 842 1148 Solomonis
865 1119 1000 1147 laudibus
1020 1122 1152 1148 recenset
1171 1126 1237 1154 pro-

373 1157 481 1196 pheta?
512 1157 599 1186 Certe
617 1156 754 1195 eolligere
772 1163 940 1194 promptum
959 1161 1013 1192 est,
1033 1156 1102 1185 dum
1123 1155 1237 1193 vulgari

373 1205 454 1226 more
474 1195 657 1225 celebrantur
674 1195 753 1234 regie
767 1195 917 1232 opulentia
933 1199 961 1224 et
977 1194 1077 1231 glorie..
1097 1203 1156 1222 nou
1173 1202 1239 1232 prr>

375 1235 436 1263 bari
462 1235 603 1263 abusum:
630 1233 698 1270 quia
722 1234 881 1270 prophetae
908 1233 1058 1262 consilium
1089 1241 1148 1261 non
1173 1232 1237 1266 fuit,

374 1272 540 1309 exemplum
566 1271 694 1300 hominis
721 1271 753 1300 iu
779 1275 925 1300 certamen
954 1279 1021 1300 eum
1050 1270 1106 1300 Dei
1135 1270 1238 1308 rugul-

375 1310 566 1339 committere.
614 1309 685 1338 Fuit
717 1309 832 1346 quidem
867 1309 1013 1346 potentia,
1049 1308 1175 1346 dignitas
1207 1312 1237 1337 et

374 1348 513 1385 splendor
539 1347 705 1377 Solomonis
734 1356 795 1376 nen
822 1347 954 1384 vulgaris
979 1347 1034 1376 Dei
1061 1346 1237 1375 benedictio:

377 1386 427 1415 ssd
457 1395 543 1423 quam
575 1386 635 1423 ipse
664 1384 710 1423 (ut
733 1385 799 1414 fieri
824 1385 910 1423 solet)
938 1384 1038 1414 multis
1066 1384 1237 1422 corruptelis

375 1424 500 1461 vitiavit,
527 1424 595 1453 dum
619 1423 674 1452 sibi
694 1431 753 1452 non
771 1425 843 1453 satis
863 1427 1013 1461 temperat,
1040 1422 1091 1452 sed
1111 1423 1237 1461 largiore

375 1463 459 1499 copia
477 1463 514 1490 sd
531 1463 628 1490 earnis
642 1470 714 1491 suae
729 1461 876 1491 licentiam
897 1462 1032 1490 abutitur.
1064 1461 1098 1489 In
1114 1470 1237 1496 summa,

375 1499 859 1568 ⁹¹¹⁸g¹1fibm¹it⁰rggwffffm
878 1501 1009 1568 omnigm
1031 1498 1237 1573 ῆὲιιιηὲἰειηὲιέω

374 1548 406 1568 m
450 1547 612 1568 comunem
633 1547 648 1567 e
673 1547 690 1566 u
712 1547 776 1572 en.
817 1547 844 1568 ιο
858 1547 947 1567 narra
981 1547 1004 1568 r.
1064 1546 1100 1566 uo
1139 1546 1179 1567 au
1208 1546 1239 1566 m

376 1576 432 1606 sibi
465 1576 649 1606 coacervavit
689 1575 796 1605 multas
835 1585 960 1610 uxores.
1004 1584 1056 1605 nee
1094 1575 1239 1613 frugalem

374 1614 493 1682 {¹11on
520 1615 551 1642 in
574 1614 728 1652 splendore
755 1614 899 1650 adhibuit,
926 1614 981 1644 hoo
999 1618 1043 1643 est
1064 1614 1145 1651 quasi
1164 1613 1239 1643 acei-

395 1662 432 1682 sn
475 1662 500 1682 e.

454 1691 499 1720 11.
524 1690 616 1729 (Audi
639 1690 723 1728 filia.)
763 1690 808 1719 De
829 1699 919 1720 uxore
945 1690 1125 1728 aegyptiaca,
1152 1699 1240 1727 quam

376 1739 470 1766 nuper
487 1728 562 1758 dixit
576 1734 656 1757 stare
671 1729 709 1758 ad
724 1728 859 1757 dextrum
876 1729 952 1758 latus
969 1730 1056 1766 regis.
1077 1738 1239 1758 sermonem

376 1767 478 1797 haberi
505 1775 564 1795 non
589 1767 699 1796 dubito.
746 1766 813 1796 Etsi
844 1770 941 1796 autem
961 1766 1111 1796 Salomoni
1137 1767 1239 1796 alieni-

377 1813 482 1843 genam
504 1804 610 1834 ducere
636 1813 757 1834 uxorem
779 1804 822 1834 fas
842 1815 901 1834 nou
920 1804 984 1839 fuit,
1012 1805 1114 1834 merito
1141 1810 1238 1835 tamen

377 1844 432 1872 hoe
452 1851 566 1886 quoque
585 1848 756 1872 numeratur
774 1843 851 1872 inter
868 1842 925 1872 Dei
942 1844 1025 1877 done.
1045 1844 1123 1880 quod
1139 1853 1155 1872 a
1171 1853 1241 1881 rege
1260 1863 1261 1867 ,

376 1885 576 1918 potentissimo
605 1881 735 1918 quaesita
762 1880 849 1910 fuerit
877 1881 957 1910 illius
986 1881 1123 1911 affinitas.
1175 1881 1239 1911 Iam

378 1928 445 1949 vero
464 1918 532 1956 quia
548 1928 586 1948 ex
601 1918 674 1956 legis
690 1919 867 1957 praescripto
886 1919 1009 1949 Iudaeos
1026 1919 1154 1957 oportuit
1170 1919 1239 1950 dare

376 1966 502 1996 operam,
530 1963 562 1986 ut
587 1967 692 1986 uxores
717 1962 785 1986 ante
810 1967 997 1996 congressum
1024 1958 1239 1988 assuefaeerent

376 1997 412 2026 ad
433 2004 541 2033 purum
560 1995 672 2025 cultum
688 1995 753 2031 Dei,
772 2001 801 2025 et
817 1995 1069 2033 superstitionibus
1088 2001 1239 2031 exuerent,

373 2033 503 2072 puellam
524 2042 562 2063 ex
582 2033 705 2070 profana
722 2039 810 2072 geute
829 2039 938 2072 natam,
963 2043 1038 2071 quae
1057 2043 1111 2071 per
1130 2043 1237 2063 novum

375 2071 544 2110 coniugium
569 2071 657 2101 insita
676 2078 738 2101 erat
758 2073 788 2101 in
805 2072 942 2102 ecelesiae
963 2081 1077 2109 corpus,
1098 2072 1239 2109 propbeta

375 2121 393 2141 a
412 2119 503 2149 prava
523 2110 692 2139 educatione
712 2120 861 2146 revocans,
882 2111 961 2140 iubet
981 2111 1111 2146 deposita
1130 2119 1238 2139 memo-

377 2149 420 2178 ria
438 2148 548 2187 patriae
567 2154 598 2177 et
617 2154 753 2184 paternae
772 2149 883 2183 domus,
909 2147 1032 2177 iuduere
1058 2147 1137 2176 aliud
1157 2149 1237 2186 iuge-

374 2188 457 2217 nium
477 2191 507 2215 et
525 2185 598 2215 alins
618 2195 721 2216 mores.
758 2187 872 2223 Alioqui
893 2186 971 2215 enim
993 2185 1154 2223 perieulum
1175 2190 1239 2216 erat

375 2235 433 2254 non
453 2223 539 2254 modo
559 2234 594 2253 ne
614 2226 750 2262 privatim
772 2226 883 2254 foveret
902 2225 1023 2253 vitiosos
1041 2224 1146 2259 cultus,
1173 2225 1237 2261 qui-

375 2264 430 2292 bus
455 2270 632 2297 assueverat,
658 2263 708 2292 sed
729 2263 817 2292 etiem
836 2271 875 2292 ne
892 2261 1006 2299 publiea
1031 2271 1084 2292 suo
1104 2263 1238 2300 exemplo

374 2301 482 2331 multos
503 2301 530 2329 in
548 2301 713 2330 societatem
732 2301 862 2329 criminis
879 2299 1020 2328 traheret:
1041 2300 1116 2337 quod
1137 2306 1239 2338 postes

375 2340 511 2376 contigit:
542 2338 613 2368 baec
634 2339 692 2367 fuit
717 2338 927 2367 exhortationis
955 2339 1038 2373 ratio,
1063 2339 1095 2367 iu
1114 2348 1179 2376 qua,
1206 2344 1239 2368 ut

374 2379 560 2406 autoritatem
581 2377 634 2406 sibi
652 2375 794 2411 conciliet„
811 2376 888 2412 filiae
906 2376 1024 2406 nomine
1040 2377 1141 2412 utitur,
1162 2378 1237 2414 quod

373 2418 405 2445 iu
418 2423 541 2453 persona
557 2414 708 2443 cuiuslibet
722 2414 828 2451 privati
842 2413 968 2444 hominis
983 2415 1084 2444 fuisset
1097 2415 1237 2452 ineptum.

375 2455 436 2483 lam
458 2462 512 2490 quo
534 2453 637 2481 melius
657 2457 755 2488 pateat
774 2453 875 2489 quanti
901 2453 1016 2481 intersit
1038 2462 1143 2482 novem
1163 2463 1237 2491 nup-

375 2499 432 2521 tam
461 2499 579 2529 prorsus
606 2491 748 2524 renovari.
776 2490 965 2520 atoenfionem
990 2490 1122 2528 pluribus
1143 2491 1237 2521 verbis

371 2529 474 2566 exigit,
494 2528 584 2564 Anuli,
602 2528 755 2564 considera,
773 2531 797 2557 et
812 2528 918 2558 inclina
934 2538 1032 2558 aurem
1047 2531 1132 2559 tuam.
1162 2529 1237 2560 Nam

1125 346 1319 377 PSALMUS
1338 346 1437 376 XLV.

2085 345 2144 375 456

1282 437 1358 460 certe
1378 430 1426 461 hie
1446 430 1629 461 vehementia
1652 437 1683 461 et
1700 432 1814 461 acribus
1839 431 1966 461 stimulis
1992 440 2066 469 opus
2091 437 2144 467 eet,

1282 469 1331 498 ubi
1357 469 1394 498 de
1419 469 1610 506 abnegatione
1638 479 1739 499 eorum
1768 470 1898 499 omnium
1928 469 2039 507 agitur,
2061 479 2144 507 uquae

1281 511 1389 536 nature.
1414 507 1462 537 vel
1487 508 1697 537 cousuetudine
1724 507 1806 536 nubis
1832 508 1956 545 placent.
1995 508 2145 537 Admonet

1282 551 1379 575 autem
1405 555 1463 575 non
1488 555 1551 574 esse
1573 555 1626 576 eur
1644 546 1704 575 fllia
1723 546 1886 575 Pharaonis
1909 555 1995 584 aegre
2021 551 2144 584 patrem.

1282 587 1428 620 cognatos,
1448 588 1594 620 totamque
1614 586 1782 622 Aegyptum
1803 584 1931 613 deserat:
1956 584 2025 621 quia
2043 584 2080 613 ad
2100 594 2146 614 se-

1282 621 1408 650 dandam
1432 622 1580 651 absentiae
1606 623 1756 651 tristitiam
1777 622 1925 660 praeelara
1947 624 2145 658 compensatio

1280 666 1421 690 occurrat.
1462 661 1636 690 contentam
1662 663 1738 690 enim
1765 661 1815 689 tali
1841 661 1945 690 marite
1971 670 2034 690 esse
2055 660 2144 695 iubet.

1282 703 1316 727 ut
1330 699 1425 735 patris
1445 697 1569 728 libenter
1588 703 1692 728 eareat.
1723 699 1889 728 Redeamus
1909 708 1987 729 nune
2007 699 2044 728 sd
2059 699 2146 729 Ohri·

1281 741 1368 772 stum,
1388 746 1422 766 ac
1439 737 1531 774 primo
1551 738 1777 773 meminerimus,
1797 737 1870 773 quod
1888 737 2038 773 spirituale
2054 743 2100 766 est
2116 739 2144 766 in

1282 775 1346 804 eius
1365 784 1464 812 reguo,
1491 775 1615 812 figurate
1642 775 1724 804 uobis
1749 775 1889 804 describi:
1919 775 2003 804 sicuti
2027 780 2147 813 propter

1282 812 1433 842 hominum
1455 812 1613 842 crassitiem
1635 813 1725 842 coacti
1743 820 1813 842 suut
1832 813 1993 851 prophetae
2011 814 2148 843 similitu-

1284 851 1366 880 dines
1385 851 1512 879 mutuari
1533 861 1549 878 a
1569 851 1656 880 rebus
1679 852 1807 880 terrenis.
1848 851 1881 880 Si
1909 857 2043 881 tenemus
2069 853 2147 881 hanc

1283 889 1421 926 loquendi
1441 890 1584 918 rationem
1604 898 1677 926 quae
1699 890 1803 926 passim
1824 890 1893 918 trita
1914 895 1958 919 est
1976 890 2008 918 in
2023 891 2148 928 seriptu-

1283 927 1332 961 ris,
1352 936 1410 956 uon
1428 926 1599 956 mirabimur
1618 926 1694 964 quod
1713 927 1854 964 propheta
1873 928 1909 956 de
1928 928 2044 964 palatiis
2062 929 2148 958 ebur·

1283 965 1355 999 nnis,
1378 975 1458 998 auro.
1484 966 1607 1002 gemmis
1627 971 1656 994 et
1675 967 1854 994 aromatibus
1873 966 2028 1002 praedicat,
2055 967 2147 1005 signi·

1284 1004 1351 1032 fleat
1364 1004 1440 1032 euim
1455 1003 1533 1032 felici
1545 1003 1686 1032 bonerum
1699 1004 1828 1033 omnium
1842 1004 1993 1034 affluentia
2004 1005 2146 1034 refertum

1283 1042 1353 1071 fore.
1382 1041 1556 1078 Quanquam
1578 1049 1675 1071 autem
1695 1042 1835 1072 donorum
1857 1042 2061 1080 spiritualium,
2081 1044 2148 1080 qui·

1285 1080 1337 1108 bus
1360 1079 1510 1109 ecelesiam
1537 1088 1620 1109 suam
1648 1080 1729 1109 Deus
1755 1080 1927 1118 locupletat,
1953 1081 2092 1118 splendor
2118 1087 2148 1111 et

1284 1118 1410 1154 dignitas
1430 1126 1448 1146 a
1467 1117 1577 1146 mundo
1602 1119 1807 1152 contemnitur.
1836 1128 1934 1148 coram
1958 1119 2021 1148 Deo
2048 1125 2148 1150 tamen

1283 1161 1414 1194 praestat
1439 1155 1572 1185 omnibus
1592 1155 1692 1185 muudi
1713 1155 1838 1186 divitiis:
1864 1158 1917 1186 etsi
1945 1167 2062 1188 necesse
2089 1168 2148 1186 non

1283 1200 1328 1224 est
1353 1194 1471 1231 singula
1499 1194 1629 1223 membra
1659 1195 1772 1223 curiose
1800 1194 1835 1223 ad
1863 1195 2014 1225 Christum
2044 1198 2149 1233 aptari,

1283 1233 1369 1269 quale
1395 1236 1440 1261 est
1465 1231 1541 1268 quod
1566 1231 1602 1260 de
1620 1233 1722 1262 multis
1747 1233 1889 1263 uxoribus
1914 1234 2030 1264 dicitur.
2071 1235 2148 1264 Nam

1284 1271 1309 1300 si
1335 1270 1431 1307 plures
1456 1271 1608 1308 fingantur
1633 1270 1782 1305 eeclesiae,
1817 1271 1991 1300 lacerabitur
2017 1274 2149 1310 corporis

1284 1309 1396 1339 Christi
1416 1309 1522 1338 unitas.
1562 1309 1672 1338 Verum
1697 1308 1813 1346 quidem
1834 1315 1886 1343 est,
1912 1310 1999 1340 sicuti
2024 1312 2149 1349 quisque

1284 1347 1414 1376 fidelium
1442 1350 1562 1376 vocatur
1588 1347 1728 1382 templum
1755 1348 1824 1382 Dei,
1853 1349 1877 1377 1.
1897 1349 1967 1378 Cor.
1985 1349 2012 1384 3,
2034 1349 2079 1380 1⁶1.
2107 1350 2149 1380 ita

1284 1384 1496 1422 quodammodo
1524 1394 1608 1422 posse
1638 1385 1735 1414 vocari
1765 1385 1877 1414 Christi
1905 1395 2060 1423 sponsam:
2096 1388 2149 1418 sed

1284 1423 1401 1461 proprie
1420 1423 1563 1460 loquendo
1577 1423 1661 1453 unica
1675 1428 1720 1452 est
1733 1433 1847 1461 sponsa,
1868 1433 1942 1461 quae
1957 1435 1993 1454 ex
2008 1427 2149 1456 universo

1284 1462 1397 1498 piorum
1421 1465 1505 1490 coetu
1524 1461 1677 1498 colligitur.
1717 1461 1834 1491 Dieitur
1858 1467 1955 1492 autem
1983 1463 2085 1494 sedere
2110 1464 2149 1494 ad

1284 1499 1361 1528 latus
1382 1500 1465 1537 regis,
1494 1509 1553 1528 nou
1578 1499 1654 1536 qued
1679 1499 1825 1536 peculiare
1850 1501 1964 1537 aliquod
1991 1503 2149 1540 imperium

1284 1542 1428 1573 exerceat,
1454 1537 1505 1567 sed
1529 1538 1665 1575 quoniam
1692 1538 1725 1567 in
1749 1547 1784 1567 ea
1811 1538 1978 1569 dominetur
2001 1539 2148 1575 Christus.

1304 1585 1341 1606 uo
1354 1585 1440 1605 sensu
1455 1582 1576 1605 vocatur
1590 1580 1688 1605 nostra
1700 1576 1832 1606 omnium
1845 1581 1946 1611 mater.
1961 1577 2057 1609 Galat.
2066 1579 2147 1614 436.

1330 1614 1424 1642 ntinet
1445 1619 1543 1643 autem
1562 1614 1608 1642 hin
1628 1614 1706 1643 loeus
1725 1615 1839 1653 insigne
1859 1616 2026 1645 vaticinium
2048 1616 2084 1646 de
2105 1617 2159 1647 fn·-

1285 1658 1353 1682 tura
1378 1653 1510 1690 gentium
1537 1652 1700 1681 vocatione:
1727 1662 1784 1690 qua
1810 1653 1918 1682 fastum
1945 1658 1992 1683 est
2015 1660 2048 1684 ut
2069 1656 2150 1686 filius

1285 1690 1344 1721 Dei
1370 1690 1540 1720 affinitatem
1569 1699 1633 1720 cum
1661 1690 1765 1720 alionis
1788 1695 1817 1720 et
1838 1690 1966 1722 hostibus
1991 1693 2053 1723 suis
2079 1703 2150 1724 con-

1286 1729 1417 1758 traxerit.
1457 1729 1531 1758 Erat
1556 1730 1633 1757 enim
1660 1729 1736 1758 inter
1756 1729 1853 1758 Deum
1879 1735 1909 1758 et
1933 1739 2034 1761 omnes
2060 1731 2150 1762 incir-

1285 1768 1427 1797 oumeisos
1461 1767 1585 1804 populos
1619 1767 1724 1796 hostile
1757 1767 1927 1797 dissidium:
1962 1774 1994 1798 et
2022 1771 2150 1800 maceria

1285 1805 1472 1842 interposita,
1501 1814 1576 1842 quae
1601 1805 1668 1834 illos
1693 1806 1729 1835 ab
1759 1806 1851 1836 eleeto
1877 1805 2013 1837 Abrahae
2041 1817 2150 1845 genere

1285 1843 1571 1880 disoerneret:·quis
1594 1843 1695 1872 foedus
1714 1843 1790 1881 quod
1810 1853 1877 1874 cum
1895 1845 2046 1875 Abraham
2067 1848 2150 1885 pepi-

1285 1886 1369 1919 gerat
1394 1881 1490 1916 Deus,
1521 1886 1624 1918 gentes
1652 1891 1670 1910 a
1696 1891 1788 1918 regno
1816 1883 1963 1912 coelorum
1994 1893 2085 1922 usquo
2112 1885 2149 1914 ed

1285 1919 1396 1950 Christi
1412 1919 1622 1949 exhibitionem
1639 1919 1764 1950 arcebat.
1795 1920 1885 1949 Sucro
1902 1921 2000 1958 iisque
2014 1923 2151 1960 coniugio

1285 1958 1426 1988 mundum
1448 1957 1586 1995 diguatus
1604 1963 1656 1993 est,
1677 1967 1734 1986 uon
1749 1967 1832 1987 secus
1851 1968 1886 1988 ac
1898 1959 1923 1988 si
1936 1960 2007 1988 olim
2022 1960 2152 1991 Iudaeus

1285 2005 1405 2026 uxorem
1421 2006 1437 2025 e
1453 2000 1540 2032 geute
1557 2000 1658 2025 extera
1674 2000 1703 2025 et
1718 1997 1841 2033 profana
1855 1998 2034 2034 sumpsisset.
2057 1999 2151 2029 Porro

1285 2041 1317 2064 ut
1341 2039 1449 2064 eastum
1476 2039 1506 2063 et
1529 2034 1676 2072 integram
1702 2044 1838 2071 sponsam
1864 2035 2006 2072 propheta
2030 2036 2149 2066 Christo

1284 2073 1378 2107 sistat,
1404 2072 1538 2101 hortatur
1563 2072 1713 2102 ecelesiam
1734 2082 1771 2101 ex
1791 2073 1927 2111 gentibus
1946 2073 2095 2109 adscitam.
2114 2082 2151 2105 -ut

1283 2111 1391 2148 prioris
1410 2111 1488 2140 vitae
1508 2111 1604 2146 oblita,
1626 2113 1741 2148 penitus
1761 2120 1793 2140 se
1809 2113 1914 2140 marito
1930 2112 2080 2143 devoveat.
2109 2114 2150 2143 Et

1285 2150 1353 2186 quia
1371 2149 1495 2178 mutatio
1515 2149 1586 2178 haec
1606 2159 1663 2186 qua
1683 2149 1927 2186 transfigurantur
1943 2151 1974 2179 iu
1991 2161 2082 2180 novos
2099 2152 2150 2181 ho-

1283 2187 1387 2222 miues,
1414 2187 1464 2223 qui
1488 2196 1528 2215 ex
1553 2187 1620 2216 filiis
1644 2186 1724 2216 Adae
1750 2187 1804 2216 filii
1827 2188 1882 2217 Dei
1909 2198 1971 2218 esse
1996 2190 2149 2227 incipiunt,

1283 2225 1410 2256 difficilis
1426 2229 1480 2262 est,
1496 2234 1560 2254 eam
1576 2226 1779 2254 vehementius
1795 2231 1880 2263 urget
1895 2227 2044 2263 propbeta.
2072 2227 2149 2258 Nam

1285 2264 1339 2292 hae
1357 2264 1513 2292 verborum
1534 2263 1677 2301 congerie.
1699 2263 1788 2298 Audi,
1809 2264 1882 2299 vids,
1909 2265 2018 2294 inclina
2037 2275 2148 2301 aurem,

1284 2302 1428 2340 signifieat
1447 2301 1547 2331 fideles
1567 2311 1626 2330 nen
1645 2301 1709 2330 sine
1726 2301 1818 2331 arduo
1834 2308 1864 2331 et
1879 2303 2021 2333 laborioso
2039 2310 2147 2333 eonstu

1284 2349 1316 2370 ee
1332 2341 1410 2377 ipsos
1426 2349 1494 2369 eum
1510 2340 1633 2376 pristina
1651 2339 1822 2369 educatione
1841 2349 1962 2370 exuere:
1981 2341 2051 2378 quis
2069 2343 2147 2380 apud

1283 2388 1440 2415 propensus
1460 2382 1490 2406 et
1511 2378 1690 2406 voluntarios
1713 2387 1893 2415 supervacua
1911 2384 1989 2408 esset
2008 2380 2076 2410 talis
2096 2389 2147 2410 ex-

1284 2417 1415 2446 hortatio.
1444 2417 1483 2445 Et
1498 2420 1578 2445 certe
1593 2417 1774 2454 experientia
1793 2417 1920 2446 ostendit
1939 2427 2025 2454 quam
2043 2428 2149 2456 segnes

1284 2464 1317 2485 ae
1338 2455 1415 2484 tardi
1432 2455 1526 2484 simus
1545 2455 1581 2483 ad
1601 2455 1779 2492 sequendum
1797 2455 1898 2485 Deum.
1932 2455 2029 2486 Verbo
2049 2462 2148 2487 eutem

1284 2493 1396 2522 videndi
1421 2492 1526 2521 merito
1551 2493 1759 2529 perstringitur
1783 2499 1885 2522 nostra
1911 2494 2053 2529 socordia.
2079 2497 2149 2533 quia

1283 2531 1351 2560 inde
1368 2535 1428 2560 tem
1446 2539 1547 2560 caseus
1563 2532 1657 2561 nostri
1674 2540 1761 2565 amor.
1778 2531 1850 2560 false
1864 2532 1961 2569 opinio
1973 2532 2150 2570 prudentiae
