2396 3041
363 339 418 369 551

363 424 446 454 fanos
465 422 600 453 homines
618 422 725 456 inflari.
747 422 815 460 quis
834 421 887 451 sibi
905 421 1045 452 videntur
1064 431 1127 453 esee
1145 427 1230 452 extra

363 463 421 492 Dei
446 469 576 491 manum.
620 460 683 491 Nee
708 469 778 490 vero
802 461 1008 497 impunitatem
1033 461 1088 490 sibi
1113 465 1230 491 tautum

364 501 548 538 promittunt,
575 499 624 528 sed
652 508 719 536 spes
744 503 773 528 st
793 507 862 536 opes
882 507 951 527 suas
972 498 1070 528 loeant
1089 499 1119 528 in
1140 499 1230 528 male-

363 537 449 568 fieiie:
477 543 507 568 et
532 547 588 575 quo
615 537 753 567 audacius
775 542 804 566 et
823 536 963 566 furiosius
988 545 1073 567 ruere
1098 541 1230 574 pergent,

364 574 851 651 ἓᾚὲωέἱξῗᾲᾪῗὲοῗέῗῖῗ
869 573 1083 642 ἓὲῗῖἒίῗέἓέ,
1102 584 1232 650 ἳξῖἕιζῗῑῑ

366 652 474 688 David,
487 653 588 682 statim
601 650 732 682 retundit
746 659 914 688 perversam
927 650 1003 680 hene
1015 651 1230 687 confidentiam,

386 699 528 721 rovocans
552 690 590 720 ad
616 690 674 719 Dei
701 689 849 719 iudieium.
889 688 1034 725 Quamvis
1062 690 1106 719 ita
1130 699 1232 727 super-

387 729 464 767 'ant‚
495 729 606 766 inquit,
641 729 691 757 ubi
724 731 870 756 maturum
903 727 1056 756 advenerit
1086 729 1231 758 vindietae

365 771 491 805 tempus,
512 771 543 796 tu
559 766 643 796 Deus
659 765 782 833 pffiffloe
797 769 974 803 prosternes.
1005 765 1118 796 Plurali
1134 771 1230 796 autem

366 814 488 835 numero
508 805 609 840 utitur,
636 813 671 834 eo
729 803 828 833 mandi
853 804 944 833 animi
969 804 1015 832 sui
1041 806 1138 838 eflusa.
1163 805 1232 841 quia

366 843 487 874 difficile
504 846 577 878 erat,
603 852 662 872 non
689 850 884 879 expaveseere
907 842 944 870 ad
965 846 1077 871 tantem
1103 843 1231 872 hostium

366 882 491 911 turbam.
527 881 651 918 Quoties
671 889 742 918 ergo
761 889 814 909 nos
833 879 958 910 obruent
975 879 1104 910 hostium
1123 881 1232 918 copiae.

366 919 467 950 veniat
486 919 571 949 nobis
590 919 619 948 in
637 923 773 952 mentem.
794 918 945 956 proprium
965 927 1028 948 esse
1043 918 1102 948 Dei
1116 928 1233 955 munus,

365 967 425 988 non
445 966 535 988 unum
561 957 710 986 hominem
731 957 874 985 duntaxat
893 956 942 985 vel
960 966 1075 994 pauens,
1101 966 1161 986 non
1181 967 1232 994 po-

366 996 470 1034 pulum
489 995 575 1024 modo
594 1004 694 1030 uuum,
714 994 766 1024 sed
786 998 878 1024 totum
899 993 1040 1024 mundum
1061 995 1193 1024 deiieere.

442 1034 469 1064 9.
489 1032 617 1072 (fingam
635 1031 747 1071 mom.)
784 1031 920 1069 Abrupta
940 1036 984 1062 est
1003 1033 1141 1070 prosatio¹
1161 1042 1231 1062 nam

366 1078 465 1110 petere
494 1080 618 1102 exorsus
648 1076 682 1100 ut
706 1071 788 1100 Deus
817 1071 961 1108 laerymas
990 1080 1061 1100 suas
1089 1071 1232 1109 respiciat,

367 1111 476 1147 statim,
495 1110 581 1148 qnasi
599 1109 664 1139 voti
683 1118 810 1146 eompos.
830 1110 1010 1145 pronuntiat.
1031 1109 1062 1138 in
1082 1110 1155 1138 libro
1174 1109 1233 1138 Dei

367 1149 492 1186 scriptas
510 1156 584 1178 esso.
623 1147 689 1178 Nisi
707 1147 781 1176 forte
801 1146 877 1176 hane
897 1156 1009 1185 qnoque
1029 1148 1232 1186 interrogatio-

370 1195 443 1217 nem
458 1186 604 1224 preestive
629 1186 759 1223 aoeipsre
778 1185 920 1222 quispiam
940 1185 1032 1220 malit,
1053 1185 1171 1215 videtur
1189 1190 1234 1215 ta-

370 1235 437 1254 men
455 1234 560 1254 senem
578 1223 626 1254 liin
646 1232 708 1252 esee
728 1223 901 1260 simplieior:
920 1223 1048 1252 Domine
1065 1224 1139 1252 nihil
1160 1233 1234 1261 opus

371 1267 415 1293 est
434 1267 468 1292 ut
482 1267 510 1292 te
526 1261 659 1300 pluribus
674 1260 773 1291 verbis
794 1261 976 1299 compellem:
997 1261 1066 1299 quia
1084 1266 1114 1292 te
1129 1267 1234 1300 sponte

370 1301 560 1331 antevertisse
580 1309 714 1338 agnosse,
739 1304 773 1329 ut
795 1303 959 1337 praestares
979 1299 1055 1336 quod
1074 1299 1232 1338 petendum

371 1343 442 1368 erat.
466 1338 526 1368 Sed
541 1342 672 1376 praestat
687 1337 803 1375 singula
816 1337 905 1366 verba
921 1337 1095 1375 expendere.
1119 1338 1234 1376 Fugam

371 1386 453 1407 suam
470 1377 540 1406 dieit
556 1381 738 1406 numeratam
755 1384 819 1405 esse
832 1375 904 1411 Deo,
920 1385 977 1413 que
991 1385 1024 1406 se
1040 1377 1234 1406 miserabilem

371 1415 473 1446 faeiat:
498 1414 566 1452 quis
591 1413 679 1451 longo
704 1414 763 1443 iam
783 1417 913 1450 tempore
933 1423 1025 1452 vagus
1047 1419 1075 1443 et
1093 1415 1234 1452 profugus

371 1463 470 1483 errare
494 1463 555 1482 non
585 1452 744 1481 destiterat.
790 1451 853 1480 Nee
877 1451 913 1480 de
938 1462 997 1480 una
1022 1456 1138 1482 tentum
1165 1453 1236 1491 fuga

371 1491 507 1529 loquitur,
527 1490 576 1520 sed
598 1490 718 1519 mutatio
737 1492 781 1519 est
803 1490 927 1519 numeri.
963 1489 1136 1528 Quanquam
1157 1491 1235 1520 vide-

370 1535 421 1559 tur
438 1529 532 1568 magis
551 1528 717 1566 emphatice
737 1537 858 1557 numero
877 1527 1020 1566 singulari
1036 1533 1125 1558 totam
1142 1528 1234 1559 vitam

371 1576 455 1597 suam
484 1567 639 1597 erratieam
668 1570 783 1600 notare.
813 1575 847 1595 ae
870 1567 896 1595 si
922 1570 1038 1596 voearet
1066 1567 1234 1598 oontinuam

371 1605 644 1644 peregrinationem.
686 1603 820 1633 Debebat
845 1605 854 1633 i
877 1605 936 1633 'tur
961 1606 1100 1635 eontiuna
1119 1605 1170 1634 illa
1189 1615 1235 1634 er-

370 1645 446 1674 ratio
475 1643 604 1673 favorem
632 1652 671 1672 ex
699 1642 797 1672 miseri
869 1643 897 1672 is
928 1643 1083 1673 eonoiliare
1115 1642 1234 1678 Davidi.

371 1681 446 1720 quod
473 1682 560 1711 anxie
587 1687 616 1710 et
635 1689 721 1718 aegre
746 1690 797 1718 per
818 1680 918 1718 longos
945 1688 975 1710 et
1000 1682 1154 1719 perplexos
1179 1682 1235 1711 eir-

371 1722 466 1750 euitus
491 1720 583 1748 vitam
613 1719 757 1748 traxisset.
804 1719 908 1756 Itaque
934 1719 1079 1756 lacrymas
1108 1729 1175 1749 suas
1203 1720 1235 1748 iu

370 1763 437 1788 utre
453 1757 510 1788 Dei
528 1756 645 1787 reoondi
665 1756 801 1793 postulat.
835 1755 979 1786 Solebam
997 1758 1027 1786 in
1043 1757 1157 1787 utribus
1178 1767 1236 1787 ser-

372 1805 441 1826 vare
461 1797 562 1825 viuum
582 1799 611 1823 et
631 1794 735 1824 oleum.
765 1794 867 1832 Itaque
886 1804 988 1825 sensus
1007 1802 1060 1830 est,
1079 1796 1124 1824 Ne
1144 1797 1237 1833 petia-

372 1840 420 1863 tur
436 1835 518 1863 Deus
539 1834 683 1870 lacrymas
702 1831 826 1862 Davidis
845 1833 875 1861 in
897 1840 1003 1862 terram
1024 1835 1166 1868 excidere,
1185 1835 1236 1864 sed

372 1872 450 1902 fideli
470 1871 601 1902 eustodia
621 1875 760 1908 tanquam
780 1871 920 1908 pretiosas
945 1877 1105 1902 conservet.
1146 1872 1236 1901 Porro

372 1910 507 1940 videmus
527 1909 671 1938 Davidem
698 1908 746 1937 hie
771 1917 872 1946 preces
896 1918 964 1940 suas
987 1910 1108 1940 fundare
1129 1910 1159 1939 in
1180 1910 1237 1939 Dei

373 1948 567 1986 providentia:
585 1947 654 1984 quia
667 1956 785 1984 gressus
799 1957 920 1976 suorum
939 1954 1130 1986 prosequatur
1145 1948 1236 1977 oeulis

372 1988 441 2022 suis,
466 1985 726 2024 quaemadmodum
751 1985 838 2015 etiam
860 1985 996 2016 Christus
1016 1987 1097 2016 docet
1116 1986 1236 2024 sapillos

371 2025 474 2062 eapitis
484 2024 576 2053 nostri
587 2028 756 2053 numeratos
765 2032 829 2053 esse
836 2032 934 2054 eoram
943 2024 1015 2060 Deo,
1022 2025 1127 2054 Motth.
1136 2025 1180 2062 10,
1187 2024 1234 2053 30.

373 2063 437 2092 Nisi
457 2063 534 2092 enim
555 2063 685 2099 persuasi
706 2063 806 2097 simus,
833 2063 973 2100 quidquid
999 2063 1127 2100 patimur
1145 2063 1235 2092 mole·

369 2102 503 2134 stiarum.
530 2100 628 2130 venire
651 2100 681 2129 in
701 2101 843 2130 rationem
869 2111 967 2130 eoram
986 2101 1057 2135 Deo,
1084 2110 1234 2138 nunquam

373 2141 403 2169 in
423 2139 500 2170 hano
517 2138 655 2176 preoaudi
681 2138 815 2168 fiduoiam
842 2139 931 2168 animi
958 2139 1051 2168 nostri
1077 2145 1235 2176 emergent,

373 2181 406 2207 ut
425 2177 509 2207 Deus
534 2177 564 2206 in
585 2177 690 2214 lagena
716 2177 856 2206 reoondat
881 2177 1025 2214 lacrymas
1051 2182 1173 2212 nostras,
1202 2182 1236 2206 ut

372 2225 472 2246 aarum
496 2219 651 2252 conspeetu
673 2214 710 2244 sd
730 2223 813 2252 opem
835 2215 918 2244 nobis
943 2214 1088 2244 ferendam
1118 2215 1234 2244 tandem

371 2255 514 2284 flectatur.
561 2253 631 2282 Mox
659 2261 728 2282 vero
755 2263 785 2282 ss
812 2253 949 2298 adeptum
975 2263 1040 2282 esse
1066 2253 1256 2291 pronuntiat'

371 2291 447 2330 quod
468 2292 585 2329 optavit.
627 2291 707 2320 Malo
726 2291 804 2320 onim
828 2291 872 2329 (ut
892 2301 949 2320 iam
970 2291 999 2320 di
1018 2291 1043 2358 t?
1063 2291 1236 2320 affirmative

373 2331 446 2360 hane
473 2335 585 2367 partem
614 2330 719 2366 legere.
748 2333 780 2358 ut
801 2339 831 2358 se
851 2329 886 2358 ad
911 2339 1016 2366 sperau
1038 2339 1084 2358 am
1111 2329 1235 2358 salutem

373 2370 427 2399 hae
450 2367 646 2398 consolatione
673 2367 788 2396 muniet
808 2367 911 2402 David,
940 2368 1015 2405 quod
1040 2377 1141 2397 omues
1165 2376 1236 2397 suae

372 2407 518 2446 lacrymae
537 2406 567 2435 in
589 2406 644 2435 Dei
664 2406 873 2434 eommontario
894 2405 1054 2443 descriptas
1073 2406 1146 2435 sint:
1168 2406 1236 2442 quia

372 2445 482 2475 scilieet
497 2454 598 2474 earum
616 2444 755 2474 memoria
771 2453 868 2473 eoram
885 2453 917 2472 eo
931 2453 988 2472 non
1004 2443 1123 2473 deletur.
1148 2443 1236 2479 Quod

372 2485 396 2512 si
422 2485 535 2520 pion-nm
564 2483 703 2520 lacrymis
729 2482 810 2512 Dens
840 2487 955 2511 tantum
986 2482 1104 2512 honoris
1134 2481 1236 2518 defert,

373 2528 449 2551 certe
470 2521 560 2550 multo
588 2522 685 2551 minus
712 2520 788 2551 sinet
810 2520 929 2549 effluere
954 2521 1138 2559 sanguinem,
1163 2520 1235 2558 quin

1103 337 1295 367 PSALMUS
1315 337 1398 368 LVI.

1273 2291 1474 2320 assuefaciant

2081 336 2140 368 552

1276 421 1408 460 singulas
1426 422 1488 452 eius
1509 424 1608 460 guttas
1626 426 1770 453 numeret.
1804 422 1880 452 Osse
1898 422 1962 460 ipss
1977 427 2006 450 et
2020 431 2140 452 earnem

1276 464 1401 490 exurant
1427 461 1563 498 tyranni,
1594 462 1714 527 sanguis
1742 466 1842 505 tamen
1871 461 2140 504 semper-manebit

1276 504 1424 536 superstes
1457 498 1494 527 ad
1529 498 1642 528 alaman
1665 508 1710 528 am
1745 499 1920 528 viudietsm:
1957 507 2023 535 qma
2059 498 2141 528 nulle

1276 542 1358 566 setas
1383 536 1490 566 delebit
1513 535 1590 574 quod
1610 536 1692 567 Deus
1717 537 1748 566 in
1774 546 1827 567 sua
1846 537 1988 566 memoria
2012 536 2140 575 descrip-

1277 577 1339 603 tum
1360 575 1456 604 habet.

1354 650 1400 680 10.
1423 650 1501 681 §lime
1525 653 1666 681 vertantur
1689 650 1800 681 inimico·
1823 652 1880 681 mei
1906 653 2059 682 rmoreum
2087 661 2142 689 quo

1275 689 1323 718 die
1341 689 1511 718 clamavero:
1528 689 1579 718 hoc
1597 690 1670 726 novi,
1689 690 1765 726 qaod
1782 689 1864 718 Deus
1882 697 1994 719 meeum.
2035 690 2081 718 11.
2102 690 2142 719 Iu

1276 726 1338 756 Deo
1367 727 1486 756 laudabo
1511 727 1642 757 verbum.-
1675 729 1708 756 in
1736 727 1840 757 Jehova
1867 727 1990 757 laudabo
2018 729 2140 759 meum.

1276 765 1325 831 ΞΒ.
1355 764 1393 795 In
1418 764 1480 795 Deo
1505 767 1633 802 speravi:
1661 775 1716 795 non
1741 765 1838 796 timebo
1863 765 1932 802 quia
1955 766 2045 803 faeiat
2068 766 2143 796 mihi

1295 812 1363 833 omo.

1354 880 1399 909 10.
1423 880 1516 918 (Tunc
1535 880 1693 916 verteram.)
1732 879 1866 910 Alam-ius
1887 879 2037 910 victoriam
2057 891 2142 910 snam

1278 918 1374 951 iactet.
1391 926 1458 947 nam
1474 919 1556 956 qussi
1572 919 1603 948 iu
1619 928 1651 948 re
1667 919 1813 955 praesenti
1829 919 1984 949 artioulum
2002 920 2144 958 temporis

1278 955 1421 993 designat,
1446 966 1503 992 quo
1524 957 1657 986 vertendi
1683 957 1744 985 sint
1768 957 1877 987 inimioi
1904 957 1949 986 sui
1969 962 2143 988 retrorsum.

1278 993 1455 1031 Quanquam
1474 999 1570 1024 autem
1592 994 1720 1024 nondum
1741 998 1800 1024 tam
1819 995 2013 1033 propinquam
2039 1005 2143 1025 eornm

1278 1032 1393 1061 ruinam
1414 1033 1561 1068 cernebat,
1586 1032 1643 1062 Dei
1663 1036 1761 1062 tamen
1781 1033 1971 1070 promissione
1990 1034 2081 1064 fretus
2101 1034 2146 1064 its

1278 1074 1381 1098 notare
1407 1071 1501 1108 potuit
1526 1075 1675 1100 maturum
1702 1076 1832 1108 tempus,
1862 1071 1939 1108 quod
1968 1071 2063 1102 adhue
2090 1081 2144 1110 pa-

1279 1109 1389 1138 tienter
1417 1110 1642 1146 exspeotandum
1670 1114 1740 1138 erat.
1786 1109 1825 1138 In
1848 1119 1978 1144 summa,
2005 1112 2145 1147 quamvis

1278 1155 1340 1176 non
1358 1150 1508 1185 tantopere
1529 1148 1645 1176 festinet
1663 1147 1754 1183 Deus,
1774 1157 1827 1177 neo
1846 1147 1947 1177 eodem
1968 1157 2023 1186 qno
2043 1148 2146 1178 David

1279 1188 1414 1222 praeatus
1437 1190 1483 1214 est
1501 1190 1647 1214 momento
1674 1185 1772 1215 hostes
1791 1185 1854 1215 eius
1874 1185 2010 1223 dissipet,
2040 1186 2147 1218 statuit

1280 1227 1380 1252 tamen
1405 1228 1522 1253 sanetus
1542 1225 1588 1252 vir
1608 1233 1708 1261 preees
1727 1233 1793 1252 suas
1813 1233 1871 1252 non
1892 1224 1952 1252 fore
1971 1225 2081 1254 irritum
2108 1235 2147 1254 ae

1280 1261 1389 1298 optime
1418 1261 1545 1291 desierat
1575 1261 1718 1300 quomodo
1745 1261 1790 1291 vel
1820 1262 1896 1291 unde
1922 1267 2019 1292 eertue
2043 1263 2082 1292 sit
2108 1262 2147 1293 ds

1280 1299 1410 1328 hostibus
1433 1299 1494 1329 suis
1520 1299 1720 1337 profligandis:
1747 1309 1852 1336 nempe
1879 1300 1946 1338 quia
1966 1300 2048 1330 Dens
2066 1311 2146 1331 nnn·

1281 1346 1369 1374 quam
1390 1339 1546 1366 frustratur
1572 1347 1692 1366 suorum
1712 1342 1779 1366 vota
1806 1343 1835 1366 et
1859 1348 1966 1375 praees,
1993 1339 2062 1376 qnia
2087 1340 2148 1369 hoo

1280 1376 1397 1414 penitus
1423 1375 1521 1405 animo
1547 1375 1672 1406 infixum
1699 1376 1797 1410 habet,
1824 1377 1968 1414 patienter
1993 1377 2148 1414 suspendit

1281 1414 1369 1443 animi
1391 1414 1435 1443 sui
1455 1413 1638 1450 desiderium,
1660 1418 1692 1443 ut
1708 1414 1841 1443 effoetum
1859 1414 1971 1452 plaeide
1986 1420 2148 1453 exspectet.

1282 1451 1421 1481 Continet
1446 1456 1542 1481 autem
1570 1452 1617 1482 hie
1644 1453 1723 1482 loeus
1749 1452 1850 1481 utilem
1877 1453 2046 1487 doctrinam.
2073 1454 2148 1491 quia

1280 1490 1378 1519 David
1399 1494 1435 1519 ut
1455 1491 1589 1527 impetret
1614 1491 1691 1528 quod
1717 1491 1851 1528 postulat.
1879 1501 1936 1520 uon
1957 1491 2074 1520 fortuito
2095 1493 2147 1522 vel

1282 1528 1451 1558 dubitanter
1471 1537 1503 1557 se
1522 1537 1605 1558 orare
1631 1528 1708 1565 dicit,
1734 1528 1786 1558 sed
1813 1529 1916 1558 afferre
1942 1534 2050 1559 eertum
2097 1539 2148 1560 er-

1282 1567 1453 1599 suasionem.
1473 1567 1552 1603 quod
1571 1566 1654 1595 Dens
1674 1571 1741 1596 rota
1761 1576 1814 1596 sus
1834 1568 1978 1604 propitius
1997 1576 2071 1598 exau
2094 1569 2147 1598 iet.

1282 1606 1373 1634 Porro
1391 1606 1443 1634 hae
1459 1605 1517 1633 fide
1537 1609 1676 1642 eonoepta
1695 1615 1832 1642 spernere
1852 1615 1909 1634 non
1927 1605 2041 1635 dubitat
2059 1608 2147 1644 quid-

1282 1642 1350 1680 quid
1372 1642 1463 1673 Satan
1483 1652 1550 1672 oum
1570 1643 1704 1673 omnibus
1724 1643 1820 1680 impiis
1839 1642 1972 1672 tentabit.

1358 1682 1403 1710 11.
1435 1680 1485 1719 (In
1514 1682 1576 1710 Deo
1604 1681 1745 1720 laudabo.)
1794 1681 1850 1710 Hie
1882 1691 1939 1710 non
1969 1682 2149 1720 exprimitur

1284 1719 1455 1756 relativum,
1485 1724 1519 1747 ut
1547 1719 1633 1756 paulo
1663 1725 1747 1748 ante:
1777 1719 1827 1748 sed
1857 1724 1953 1749 tamen
1982 1730 2047 1750 eeee
2075 1723 2148 1752 sub-

1283 1757 1468 1792 andiendum,
1487 1767 1524 1786 ex
1545 1758 1595 1786 illo
1616 1758 1708 1794 priore
1727 1757 1790 1787 loeo
1809 1758 1964 1795 colligitur.
1995 1759 2041 1788 Re
2062 1760 2149 1789 etitio

1283 1804 1352 1824 vero
1379 1805 1436 1824 nou
1461 1804 1562 1832 parum
1585 1796 1672 1824 habet
1693 1796 1907 1825 vehementiae:
1936 1805 1969 1826 ae
1988 1797 2013 1826 si
2055 1797 2148 1828 ‘etum

1283 1840 1369 1863 esset:
1396 1834 1538 1870 Quamvis
1559 1833 1642 1862 Deus
1661 1834 1772 1870 gratiae
1791 1844 1861 1862 suae
1880 1835 2149 1865 manifestationem

1283 1871 1412 1905 differat.
1439 1877 1472 1901 ut
1493 1871 1586 1901 videri
1613 1872 1705 1908 possit
1731 1871 1803 1901 nihil
1831 1878 1980 1910 praestans
2007 1873 2150 1903 inanibus

1282 1910 1378 1939 verbis
1404 1910 1547 1941 Davidem
1575 1910 1695 1938 laetare:
1727 1918 1784 1938 uon
1813 1914 1911 1940 tamen
1937 1910 2078 1941 deiectum
2107 1912 2149 1942 iri

1282 1949 1373 1977 saneti
1395 1948 1450 1977 viri
1471 1949 1610 1982 animum.¹
1637 1948 1708 1984 quin
1734 1958 1848 1986 semper
1868 1949 2009 1986 glorietur
2033 1950 2064 1978 in
2083 1949 2149 1980 Dei

1282 1986 1378 2016 verbo.
1415 1986 1456 2015 Et
1474 1991 1553 2015 certe
1574 1986 1626 2015 hoe
1647 1991 1692 2015 est
1709 1986 1890 2016 subsoribere
1909 1986 1988 2024 quod
2004 1987 2085 2016 Deus
2107 1990 2150 2018 sit

1283 2033 1382 2058 verax,
1401 2024 1481 2053 Ioan.
1501 2024 1528 2059 3,
1547 2024 1586 2053 33
1605 2024 1653 2053 ubi
1676 2025 1772 2054 ableto
1791 2025 1928 2054 bonitatis
1948 2031 1977 2054 et
1995 2026 2150 2063 potentiae

1282 2063 1344 2092 eius
1373 2072 1474 2097 sensu,
1505 2063 1594 2091 verbo
1622 2063 1744 2092 solidam
1775 2063 1896 2100 gloriam
1928 2063 2056 2092 tribuere
2083 2073 2149 2094 non

1282 2101 1448 2130 desinimus.
1478 2100 1631 2138 Repetitio.
1653 2106 1684 2129 ut
1702 2101 1770 2135 dixi.
1791 2101 1884 2130 tendit
1900 2103 1932 2130 in
1948 2102 2026 2130 hune
2041 2101 2150 2132 finem:

1281 2138 1424 2175 Quamvis
1455 2138 1538 2168 hodie
1564 2139 1643 2167 visus
1668 2149 1686 2168 a
1709 2149 1756 2168 me
1781 2139 1868 2168 fuerit
1894 2140 1973 2169 Deus
2000 2139 2148 2177 resedere,

1281 2177 1350 2214 qnia
1374 2186 1458 2214 opem
1490 2187 1572 2206 suam
1602 2177 1755 2208 subduxit.
1784 2177 1814 2206 in
1841 2178 1904 2206 eius
1929 2183 2028 2207 tamen
2055 2178 2149 2209 verbo

1280 2216 1435 2252 quiesoam.
1475 2215 1558 2244 Idem
1579 2216 1602 2244 si
1624 2224 1687 2244 eras
1707 2215 1864 2252 contingat,
1892 2220 1921 2244 et
1942 2217 2086 2253 perendie,
2114 2218 2149 2247 in

1282 2252 1380 2283 eadem
1403 2253 1487 2282 laude
1528 2253 1668 2282 ersistem.
1710 2253 1756 2281 Ad
1777 2253 1852 2283 hano
1871 2253 2090 2284 meditationem
2115 2266 2149 2286 se

1528 2291 1620 2323 deles,
1659 2296 1692 2319 ut
1720 2292 1797 2320 inter
1825 2293 2000 2322 tentationes
2027 2292 2148 2324 firmam

1302 2331 1401 2358 loriam
1430 2330 1584 2364 retineant,
1610 2329 1690 2358 nudo
1710 2329 1797 2358 verbe
1818 2332 1955 2359 contenti.
1993 2331 2068 2360 Nam
2088 2333 2149 2361 etsi

1282 2340 1362 2397 {aas
1383 2368 1440 2397 illis
1461 2367 1652 2406 multiplicem
1681 2367 1822 2405 gloriandi
1843 2370 1994 2398 materiam
2019 2368 2149 2399 subinde

1282 2406 1310 2435 iu
1339 2407 1398 2436 suis
1426 2406 1573 2435 benefieiis
1601 2405 1781 2443 suppeditat.-
1809 2406 1860 2435 vix
1888 2412 1985 2436 tamen
2012 2416 2148 2444 unquam

1282 2449 1341 2473 tres
1361 2454 1465 2481 passus
1485 2445 1626 2473 confluere
1648 2444 1752 2478 licebit,
1780 2445 1834 2473 nisi
1856 2445 1886 2472 in
1907 2445 2000 2474 solum
2023 2445 2147 2476 verbum

1282 2483 1448 2512 recumbere
1469 2483 1631 2512 didicerint.
1664 2482 1774 2511 Eodem
1795 2484 1921 2519 pertinet
1940 2483 2061 2512 alterius
2081 2493 2151 2513 sen—

1282 2521 1389 2550 tentiae
1417 2520 1563 2558 repetitio,
1592 2520 1629 2550 In
1654 2520 1713 2550 Deo
1739 2521 1862 2557 speravi,
1890 2523 1936 2550 etc.
1975 2522 2039 2551 Etsi
2065 2522 2149 2552 enim
