2396 3041
335 334 392 364 163

334 424 466 457 spectum
492 418 607 456 profani
626 419 714 456 regis,
739 418 788 448 sed
810 418 866 448 Dei
885 419 990 456 ipsius.-
1015 422 1102 456 atque
1122 419 1202 448 hune

333 467 452 495 scopum
477 456 610 486 omuibus
634 457 711 493 fore,
741 461 774 486 ut
799 455 864 486 Dec
893 457 1006 486 cultum
1033 457 1200 486 exhibeant.

335 495 395 534 (Et
420 497 497 525 utero
522 494 558 525 ab
584 494 714 535 aurora.)
753 494 892 533 Singulas
917 495 1006 525 huius
1031 494 1086 524 loci
1112 495 1202 525 inter·-

333 535 510 571 pretaticnes
529 535 637 563 referre
655 533 731 562 nihil
751 535 870 563 attinet:
893 533 965 570 quia
983 533 1032 563 ubi
1051 542 1154 563 veram
1173 537 1203 562 ot

333 572 493 610 genuinam
526 572 689 609 protulero,
724 571 756 600 in
791 571 857 601 eliis
885 571 1047 600 refutandis
1075 571 1202 600 multum

332 618 437 648 operae
455 618 571 640 sumere
591 619 648 639 non
669 609 725 639 erit
744 618 824 647 opus„
854 609 919 648 Ego
934 614 1014 640 certe
1027 618 1088 639 non
1100 609 1203 639 dubito

333 647 404 685 quin
441 647 490 678 hic
518 647 575 682 Dei
612 647 841 678 benedictionem
869 649 899 677 in
929 648 1062 686 augendo
1091 648 1204 678 Christi

332 686 440 724 populo
459 685 584 716 celebret
602 685 716 715 David:
733 685 856 723 ideoque
876 686 1038 723 pueritiam,
1061 686 1106 716 vei
1121 686 1202 716 sobo-

334 725 394 754 lem
422 733 498 762 quse
527 731 675 760 nascetur,
705 724 767 754 rori
797 730 963 762 comparat:
997 725 1066 762 quie.
1093 729 1203 754 crescet

333 766 448 800 praeter
474 762 653 792 ordinarium
679 762 810 791 modum.
848 761 943 792 Sicuti
961 763 1039 792 enim
1058 763 1203 792 mirantur

333 811 436 830 omnes
455 805 562 830 terrem
583 801 725 838 irriguam
745 810 818 836 esse,
840 811 929 837 quum
950 805 1048 830 himen
1068 801 1203 830 defluxus

332 839 498 907 {3³32ssss
519 846 666 906 'zttzsstf'
683 838 854 907 &teitan-⁸
875 838 1203 907 ssffissssssffiiffifflssii

331 915 450 944 Christo
470 915 548 951 dicit,
569 925 643 952 quae
661 919 755 944 totum
774 920 883 944 terram
904 915 1022 952 operiat.
1057 915 1120 944 Ros
1133 925 1203 953 erge

326 953 468 991 pueritiae
494 958 612 983 vocetur
638 953 776 983 inventus
801 954 872 991 ipss.
899 963 981 991 quse,
1005 953 1100 983 instar
1118 955 1203 991 roris,

331 992 389 1021 ma'
409 1000 441 1020 re
461 991 543 1028 copis
560 991 663 1021 defluit
685 1001 772 1029 quem
793 997 827 1021 ut
839 992 988 1021 numerari
1001 997 1097 1029 queat.
1125 991 1202 1022 Nam

331 1035 396 1066 ΠἹἿ
419 1035 430 1055 ³
457 1036 503 1059 est
527 1039 633 1059 nomen
657 1029 851 1060 collectivum.
892 1029 927 1059 Si
946 1030 1011 1067 quis
1036 1030 1203 1059 distinctius

331 1068 439 1097 habere
469 1067 540 1097 velit
567 1077 686 1097 sensum
714 1067 885 1103 verborum,
921 1068 963 1097 ita
990 1068 1130 1104 resolvat,
1164 1078 1203 1097 ex

331 1111 416 1136 utero
442 1105 626 1143 prodituram
652 1115 716 1136 esse
741 1106 926 1135 innumeram
952 1106 1089 1142 sobolem,
1116 1106 1202 1136 sicuti

332 1153 382 1174 ros
412 1144 449 1173 ab
477 1153 584 1174 surore
612 1143 744 1174 distillat.
793 1144 886 1173 Porro
923 1144 977 1174 hoo
1007 1154 1066 1174 non
1095 1150 1202 1174 temere

331 1182 423 1212 fnisse
453 1182 648 1220 praedictum,
678 1182 861 1220 experientis
890 1182 1032 1212 ostendit:
1061 1183 1130 1220 quia
1158 1183 1202 1212 in-

331 1219 470 1251 credibile
489 1225 553 1250 erat
573 1225 683 1250 nutam
704 1220 922 1250 multitudinem
942 1220 997 1251 sub
1016 1220 1128 1251 Christi
1146 1220 1202 1251 im-

331 1259 449 1296 perium
470 1261 534 1288 tem*
551 1258 657 1296 exiguo
670 1263 801 1296 tempore
819 1267 904 1296 posse
917 1259 1023 1297 colligi,
1043 1263 1073 1288 st
1086 1258 1202 1296 quidem

333 1297 396 1326 sols
423 1297 569 1334 evangelii
601 1306 683 1332 voce,
713 1307 802 1334 quum
829 1301 908 1326 totus
936 1298 1065 1326 mundus
1094 1297 1203 1326 furiose

332 1340 517 1373 repugnaret.
565 1335 677 1365 Pueros
706 1340 804 1364 autem
833 1336 930 1366 vocari
959 1345 998 1365 ex
1026 1340 1107 1365 utere
1138 1345 1203 1372 pre-

332 1373 457 1411 genitos,
475 1373 524 1410 qui
544 1382 629 1402 senes
646 1372 692 1403 vel
709 1378 866 1411 provectae
881 1373 984 1402 aetatis
999 1373 1036 1402 ad
1050 1373 1204 1403 Christum

333 1412 467 1441 conversi
493 1417 569 1446 sunt,
594 1413 703 1440 mirum
729 1421 787 1440 non
808 1416 867 1440 est:
893 1413 959 1448 quia
979 1412 1139 1449 spiritualis
1158 1421 1204 1441 re-

371 1449 483 1479 ueratio
507 1450 569 1487 pios
594 1459 697 1479 omnes
715 1449 827 1479 similes
845 1450 915 1479 fecit
933 1449 1105 1486 infantibus,
1130 1450 1205 1480 sicut

361 1492 441 1517 etrus
454 1487 546 1524 docet,
566 1487 592 1517 1.
606 1487 688 1517 Petr.
701 1487 728 1522 2,
748 1487 775 1517 2.
805 1487 856 1518 sio
870 1488 947 1525 apud
961 1487 1084 1518 Ieeniam
1102 1487 1148 1524 53,
1168 1487 1205 1518 10

334 1525 442 1555 dieitur
459 1525 596 1556 Christus
619 1527 738 1555 risurus
762 1535 862 1556 semen
882 1526 1073 1563 longaevum:
1100 1531 1130 1556 et
1150 1527 1203 1556 sub

334 1564 396 1593 eius
423 1573 516 1602 regno
542 1564 726 1601 promittitur
745 1564 883 1594 ecclesiae
902 1564 1125 1594 inaestimabilis
1143 1565 1203 1594 foe-

334 1601 477 1632 cunditas.
507 1602 573 1632 Hoc
589 1602 625 1632 de
645 1602 757 1632 ratione
776 1602 910 1632 nominis.
940 1602 1029 1632 Oerte
1048 1612 1085 1632 ex
1102 1602 1203 1632 mundi

334 1640 426 1674 faece,
453 1649 527 1678 quse
553 1645 667 1670 tantum
694 1641 769 1670 filios
794 1641 856 1670 irae
883 1641 1022 1675 continet.
1048 1651 1203 1671 numerum

336 1677 462 1715 aliquem
491 1679 560 1708 lieet
589 1679 728 1716 exiguum
756 1679 870 1716 colligi,
905 1679 1079 1709 miraculum
1113 1684 1205 1708 esset:

336 1715 445 1754 duplex
468 1726 535 1746 vero
563 1716 735 1747 miraculum
760 1723 812 1752 eet,
837 1718 1010 1746 immensam
1031 1718 1092 1747 fere
1112 1717 1204 1746 homi-

335 1764 407 1783 num
428 1755 642 1784 multitudinem
664 1755 776 1785 Christi
795 1755 900 1793 spiritu
918 1760 950 1785 et
969 1755 1122 1794 evaugelio
1141 1765 1205 1785 osse

337 1793 509 1829 regenitsm.
553 1792 614 1822 Sed
638 1793 866 1831 meminerimus,
893 1794 990 1823 Deum
1018 1795 1072 1823 hoc
1097 1793 1207 1822 honore

337 1830 453 1868 dignari
473 1831 578 1861 electos
597 1840 673 1867 suos,
690 1837 724 1861 ut
740 1832 849 1861 alacres
868 1832 905 1861 sd
927 1833 1009 1861 iussa
1029 1831 1206 1870 capessenda

337 1874 527 1904 concurrent,
557 1869 676 1907 soloque
703 1875 777 1899 nutu
804 1876 954 1908 regantur.
1000 1870 1102 1908 Neque
1127 1870 1205 1899 enim

338 1916 391 1944 pre
416 1907 478 1936 suis
497 1913 635 1945 agnoscet
655 1908 792 1938 Christus
812 1909 870 1937 nisi
888 1910 938 1946 qui
960 1908 1084 1937 libenter
1103 1909 1205 1946 iugum

337 1944 492 1981 subibunt,
523 1951 553 1975 et
582 1946 665 1984 signo
696 1946 762 1991 dato
793 1947 897 1975 sistent
926 1957 958 1976 se
986 1947 1016 1975 in
1047 1947 1109 1976 eius
1138 1956 1205 1991 ceu:

338 1989 489 2059 ἱῖἓὲἓῖῗᾱ,
516 1983 1207 2058 iamttfiffiuffisstm21txsssst?⁰3¹ffli

339 2064 416 2088 stum
442 2070 500 2089 non
527 2065 649 2089 externa
675 2070 781 2098 pompa
799 2061 851 2090 sed
870 2071 940 2090 vera
958 2062 1113 2091 sanctitate
1131 2062 1207 2090 velle

339 2098 402 2133 coli,
422 2097 537 2136 qualem
557 2099 588 2128 iu
608 2098 665 2128 Dei
685 2103 871 2137 conspectum
891 2099 991 2129 efferri
1010 2098 1102 2130 docet.

416 2175 443 2203 4.
463 2175 578 2204 Iuravit
598 2175 707 2211 lebona,
731 2177 756 2204 et
778 2185 833 2204 non
848 2176 997 2213 poenitebit
1015 2186 1086 2213 eum,
1115 2177 1160 2205 Tu
1179 2185 1207 2205 es

340 2213 467 2243 sacerdos
491 2213 521 2242 in
540 2213 683 2243 saeculum
701 2214 850 2244 secundum
869 2215 1003 2244 rationem
1023 2214 1208 2244 Melchisedec.

416 2290 444 2318 4.
466 2289 576 2318 Versus
596 2289 642 2320 hie
664 2290 735 2319 setis
747 2290 859 2319 evincit
875 2300 934 2320 non
949 2291 984 2320 do
998 2291 1054 2321 ulio
1072 2291 1205 2328 quopiam

340 2326 443 2356 haberi
472 2337 633 2357 sermonem
667 2337 753 2365 quem
785 2328 820 2357 de
850 2328 977 2358 Christo.
1026 2330 1100 2358 Nam
1132 2328 1208 2366 quod

342 2364 453 2400 Iudaei,
484 2371 516 2394 ut
537 2365 703 2395 vaticinium
726 2365 888 2403 obscurent,
910 2373 983 2416 ῙΠῚᾏ
994 2372 1114 2397 vertunt
1130 2367 1210 2405 prin-

343 2403 451 2440 cipem:
472 2403 559 2432 nimie
572 2404 698 2433 dilutum
712 2410 764 2439 cst,
781 2404 913 2442 adeoque
926 2405 1070 2435 frivolum.
1100 2405 1209 2434 Fateor

342 2446 446 2478 0⁸50
470 2442 562 2471 vocari
604 2452 726 2476 recen-es.
755 2442 800 2472 vel
822 2444 872 2480 qui
892 2449 961 2472 sunt
981 2453 1016 2472 ex
1036 2443 1209 2482 cognatione

342 2480 431 2523 regis,
452 2478 502 2508 sed
525 2452 603 2517 quid)
614 2480 734 2518 dignum
754 2481 818 2518 ipso
837 2480 957 2511 Christo
975 2482 1113 2520 loquutus
1132 2487 1209 2511 esset

342 2516 449 2554 David,
469 2519 594 2555 proceris
615 2519 700 2547 titulo
721 2519 817 2556 ipsum
833 2519 1002 2558 insigniens,
1022 2521 1072 2559 qui
1088 2520 1209 2550 inferior

1079 334 1275 365 PSALMUS
1295 334 1360 365 CX.

2055 333 2112 364 164

1246 423 1293 463 est
1318 419 1460 464 dignitate
1486 419 1586 456 regia?
1628 417 1742 448 Deinde
1766 417 1835 455 quid
1857 417 1912 448 hoe
1940 417 1995 448 sibi
2016 417 2115 462 veliet,

1246 460 1742 534 iffimpiii'gffifflffffiffmi‘
1749 466 1818 532 2133,
1825 455 2117 532 ’ἒᾙῗηὲἳῖῗῖὧ

1248 534 1381 572 designet
1408 535 1543 571 spiritus,
1570 533 1647 570 quod
1676 542 1776 570 regem
1806 533 1884 562 hunc
1911 533 2058 562 discet-nn
2082 541 2117 562 ee

1248 575 1362 609 separet
1382 572 1420 601 ab
1437 572 1502 602 eliis
1521 572 1663 600 omnibus.
1693 570 1786 600 Porro
1806 576 1907 600 notum
1927 577 1972 600 est
1986 570 2117 609 elogium

1248 619 1305 647 quo
1325 615 1447 640 ornatur
1460 609 1656 640 Melchisedec
1671 609 1748 647 apud
1761 609 1865 639 Mosen
1879 608 1987 639 Genea.
2003 608 2049 645 14,
2069 610 2117 638 18.

1247 649 1357 678 Fateor
1392 648 1509 686 quidem
1545 649 1615 678 olim
1647 648 1734 677 etiem
1763 649 1793 676 in
1821 647 1952 684 profanis
1978 647 2118 685 gentibus

1249 697 1334 725 reges
1368 686 1529 716 sacerdotio
1565 686 1678 715 functus
1708 695 1786 715 esse:
1819 685 1871 714 sed
1900 686 1970 723 quia
1997 685 2117 714 unicum

1250 725 1346 755 Deum
1373 725 1430 755 rite
1460 723 1572 755 colebat
1597 723 1804 759 Melchisedec.
1832 729 1954 753 vocatur
1982 722 2118 753 sacerdos

1248 763 1307 793 Dei
1335 763 1480 793 altissimi.
1528 763 1610 792 Deus
1638 767 1738 791 autem
1766 763 1798 791 in
1827 762 1933 799 populo
1961 771 2014 790 suo
2044 761 2118 791 haec

1248 801 1345 831 officia
1364 802 1480 831 misceri
1499 800 1603 830 noluit.
1642 799 1745 837 Itaque
1765 809 1855 837 quum
1875 809 1931 829 rex
1950 799 2048 837 Uzias,
2088 800 2118 829 ui

1248 840 1398 878 legitimus
1417 844 1481 869 erat
1495 838 1619 869 Davidis
1638 847 1797 874 successor,
1816 837 1948 867 suffitum
1963 836 2029 868 Deo
2086 847 2119 867 0-

1248 878 1309 908 lere
1322 883 1472 912 tentasset.
1486 877 1567 914 lepra
1579 877 1635 906 fuit
1649 885 1813 914 percussus,
1830 877 1857 906 2.
1871 876 1970 906 Perali
1993 877 2058 912 .26‚
2069 875 2119 906 21.

1248 917 1321 945 Fuit
1340 917 1431 954 igitur
1449 916 1567 945 diversa
1585 915 1659 944 ratio
1677 915 1709 944 in
1729 916 1866 952 progenie
1887 885 2011 944 navidis
2030 923 2120 958 quam

1249 956 1281 984 in
1307 953 1511 984 Melchisedec.
1549 954 1590 983 Et
1608 952 1745 991 colligere
1765 957 1931 991 promptum
1951 958 1996 982 est
2015 951 2121 982 discri-

1250 1003 1315 1023 men
1342 992 1398 1022 hoc
1418 992 1523 1027 notari,
1547 991 1623 1029 quod
1642 991 1676 1020 iu
1695 991 1749 1021 hoc
1768 1000 1845 1022 novo
1865 1001 1933 1029 rege
1961 990 2119 1020 sacerdotii

1249 1031 1350 1069 religio
1368 1039 1437 1060 cum
1456 1030 1620 1060 diademate
1641 1034 1672 1058 et
1688 1029 1761 1058 solio
1776 1029 1930 1058 coniuncte
1945 1030 2010 1058 erit.
2042 1029 2119 1059 Num

1249 1075 1326 1099 certe
1357 1068 1470 1106 imperii
1496 1069 1634 1098 maimtas
1659 1076 1719 1097 uon
1749 1071 1832 1097 tanta
1859 1067 1912 1097 fuit
1938 1067 1969 1096 in
1996 1066 2121 1097 obscuro

1249 1118 1264 1137 r
1303 1107 1351 1137 ulo
1378 1106 1586 1141 Melchisedec,
1615 1110 1650 1135 ut
1677 1115 1712 1135 eo
1740 1106 1802 1135 solo
1831 1112 1966 1143 respectu
1994 1105 2118 1143 proponi

1250 1145 1285 1175 de
1307 1145 1383 1175 uerit
1417 1145 1449 1174 iu
1485 1144 1642 1182 exemplar.
1692 1143 1768 1174 Nam
1797 1143 1896 1174 Selom
1934 1144 2021 1173 unies
2056 1143 2121 1174 eius

1250 1184 1343 1219 sedes,
1368 1183 1497 1220 ignobile
1525 1187 1595 1212 tune
1620 1187 1683 1212 eret
1709 1181 1880 1220 oppidulum
1909 1182 1959 1211 ubi
1987 1182 2121 1219 precario

1250 1221 1405 1260 regnabat,
1435 1226 1469 1251 ut
1498 1220 1572 1251 nilu'l
1601 1221 1631 1250 in
1661 1230 1695 1250 eo
1725 1220 1912 1250 memorabile
1941 1220 2030 1249 fuerit
2059 1219 2121 1249 nisi

1250 1259 1406 1290 sacerdotii
1425 1265 1455 1289 et
1473 1259 1557 1297 regni
1578 1258 1750 1289 coniunctio.
1782 1259 1923 1288 Protanos
1938 1258 2018 1287 enim

1250 1299 1369 1328 ambitio
1389 1299 1507 1334 impulit
1526 1302 1560 1326 ut
1579 1298 1759 1326 reverentiae
1779 1297 1938 1333 captandae
1957 1306 2046 1326 cause
2065 1296 2122 1325 ho-

1250 1346 1352 1366 norem
1392 1336 1547 1366 ssoerdotii
1581 1334 1619 1365 ad
1652 1345 1684 1364 se
1719 1340 1864 1372 raperent.
1925 1333 2123 1365 Melchisedec

1250 1380 1348 1404 autem
1373 1381 1526 1412 utramque
1553 1383 1708 1412 personam
1728 1373 1785 1402 Dei
1812 1372 1949 1402 mandato
1967 1372 2120 1402 sustinuit.

1250 1413 1342 1442 Nobis
1366 1413 1482 1450 quidem
1510 1411 1622 1441 abunde
1648 1412 1781 1441 sufficere
1808 1411 1893 1441 debet
1918 1411 2043 1448 apostoli
2066 1419 2121 1440 eu·

1250 1452 1368 1486 toritas,
1394 1461 1430 1480 ne
1459 1450 1627 1480 dubitemus
1655 1448 1799 1480 Davidem
1831 1449 1860 1479 id
1889 1449 2030 1479 sensisse:
2066 1448 2121 1479 sed

1250 1489 1408 1527 quamlibet
1428 1489 1619 1526 pervicaciter
1638 1487 1816 1517 contendant
1832 1487 1944 1524 Iudaei,
1963 1486 2122 1517 manifesta

1251 1527 1326 1557 ratio
1351 1527 1467 1562 evincit,
1492 1527 1599 1557 clarius
1626 1527 1674 1556 hio
1700 1527 1822 1556 describi
1848 1527 1931 1556 illum
1955 1525 2122 1555 uuetitetis

1252 1566 1383 1596 decorem
1410 1566 1492 1594 cuins
1518 1575 1611 1602 nuper
1636 1565 1713 1594 facts
1732 1565 1789 1594 fuit
1808 1565 1934 1594 mentio:
1961 1569 1991 1593 et
2009 1569 2121 1594 certam

1252 1613 1284 1634 ac
1310 1604 1458 1633 insolitam
1485 1609 1584 1632 uotum
1610 1602 1718 1640 epponi
1743 1611 1817 1640 quse
1836 1602 1989 1632 sacerdotii
2009 1601 2121 1631 honore

1252 1642 1405 1673 Christum
1431 1642 1546 1671 attollet
1572 1650 1662 1678 supra
1681 1641 1754 1671 elice
1777 1650 1866 1678 reges,
1893 1641 2038 1677 simulque
2056 1641 2121 1669 eius

1250 1680 1443 1710 sacerdotium
1471 1680 1616 1709 discernat
1640 1689 1658 1708 a
1682 1679 1806 1708 levitice.
1845 1679 1912 1708 Huc
1932 1679 2044 1708 secedit
2063 1678 2121 1708 Dei

1251 1718 1464 1753 iusiurandum,
1490 1718 1541 1756 qui
1567 1722 1646 1747 certe
1665 1726 1781 1747 ssorum
1801 1726 1906 1746 nomeu
1927 1726 2012 1746 suum
2032 1715 2123 1746 rebus

1251 1756 1383 1786 leviculis
1413 1756 1598 1793 interponere
1627 1765 1684 1785 non
1715 1755 1803 1786 solet:
1837 1755 1896 1785 imo
1924 1760 1956 1785 ut
1985 1764 2038 1784 noe
2065 1764 2122 1784 suo

1252 1795 1385 1832 exemplo
1405 1795 1441 1824 sd
1456 1795 1553 1824 sobrie
1569 1799 1599 1823 et
1614 1798 1784 1823 reverenter
1801 1793 1958 1822 iurandum
1974 1793 2123 1828 instituat,

1253 1843 1399 1870 nunquam
1427 1834 1505 1862 iuret
1531 1833 1587 1861 nisi
1613 1833 1698 1870 gravi
1723 1837 1752 1861 et
1777 1832 1854 1862 seria
1880 1831 1916 1861 de
1942 1841 2038 1861 causa.
2085 1829 2122 1861 Si

1251 1876 1350 1901 autem
1369 1871 1496 1900 iurasset
1513 1870 1595 1900 Deus
1610 1870 1749 1900 Messium
1769 1870 1829 1899 fore
1848 1870 1952 1899 ducem
1970 1874 2001 1899 et
2016 1869 2123 1906 guber-

1252 1914 1383 1939 natorem
1410 1909 1512 1946 pepuli
1529 1910 1582 1942 eui,
1608 1909 1684 1938 sieut
1703 1908 1759 1938 fuit
1779 1908 1982 1943 Melchisedec,
2009 1907 2124 1936 insulsa

1252 1953 1328 1977 esset
1349 1947 1475 1976 nominis
1496 1948 1556 1976 eius
1576 1947 1752 1984 profanatio:
1774 1955 1852 1975 nunc
1871 1956 1961 1984 quum
1981 1950 2124 1984 appareat

1253 1996 1351 2016 rarum
1381 1985 1490 2022 aliquid
1521 1991 1549 2015 et
1579 1985 1720 2014 eximium
1750 1985 1859 2019 notari.
1889 1983 2026 2022 colligere
2050 1983 2123 2014 lieet

1252 2024 1590 2092 tritissimi.
1604 2022 2036 2090 ⁰¹t11⁸2³0520123³3232¹²2mt¹32
2055 2021 2123 2090 3:³²1

1253 2101 1328 2130 titur
1348 2099 1426 2130 salus
1446 2104 1560 2130 nostra:
1580 2100 1649 2137 quis.
1665 2099 1720 2129 uisi
1734 2099 1854 2129 Christo
1870 2098 2029 2129 mediatore
2042 2098 2121 2134 freti,

1253 2148 1271 2168 a
1290 2138 1347 2167 Dei
1367 2145 1526 2176 conspectu
1545 2147 1647 2167 omnes
1670 2147 1811 2167 arcemur.
1851 2137 1928 2173 Quia
1948 2145 2018 2166 vero
2037 2137 2122 2166 nobis

1253 2177 1326 2206 nihil
1347 2177 1441 2214 magis
1461 2177 1657 2206 necessarium
1677 2175 1814 2212 precandi
1832 2176 1944 2211 fiducia,
1962 2175 2045 2204 Deus
2060 2184 2122 2204 non

1253 2214 1339 2244 mode
1355 2215 1391 2244 ad
1412 2225 1443 2244 se
1464 2225 1516 2244 nos
1535 2215 1647 2247 invitat,
1668 2213 1718 2243 sed
1734 2214 1907 2251 interposito
1923 2212 2123 2249 iureiurando,

1292 2258 1409 2282 tronum
1446 2253 1529 2282 nobis
1562 2253 1711 2282 coustituit
1740 2252 1791 2289 qui
1820 2252 1946 2290 gratiam
1975 2251 2121 2281 conciliet.

1270 2291 1323 2320 deo
1344 2292 1393 2328 qui
1410 2291 1465 2320 sibi
1481 2290 1674 2328 praecludunt
1690 2291 1818 2326 ianuam,
1838 2290 1936 2319 Deum
1949 2289 2123 2319 insimulent

1253 2329 1405 2365 mendacii,
1431 2333 1519 2366 atque
1544 2330 1631 2358 etiam
1660 2329 1788 2366 periurii.
1832 2328 1893 2358 Nec
1920 2328 1972 2358 ebs
1996 2337 2029 2357 re
2054 2335 2123 2358 con-

1253 2367 1347 2396 tendit
1371 2368 1524 2405 spostolus,
1553 2367 1608 2398 hoo
1630 2367 1717 2397 modo
1742 2366 1914 2404 abrogatum
1941 2366 2031 2396 fuisse
2049 2365 2122 2396 levi-

1233 2405 1342 2441 ,ticum
1373 2405 1581 2440 sacerdotium,
1617 2406 1684 2442 quia
1717 2405 1766 2434 illo
1797 2410 1893 2434 stante
1922 2414 1982 2434 non
2010 2405 2123 2434 iuraret

1254 2444 1335 2473 Deus
1354 2453 1459 2472 novam
1480 2444 1541 2472 fore
1563 2445 1711 2479 rationem,
1733 2443 1788 2472 nisi
1809 2443 1908 2472 futura
1927 2446 2004 2472 esset
2023 2442 2123 2480 aliqua

1253 2482 1385 2512 mutatio.
1424 2481 1488 2511 Iam
1515 2491 1604 2519 quum
1630 2482 1774 2520 promittit
1798 2490 1906 2510 novum
1931 2480 2123 2519 sacerdotem,

1253 2529 1314 2549 non
1333 2519 1453 2549 dubium
1474 2526 1528 2557 est,
1547 2520 1613 2550 aliis
1632 2519 1766 2550 omnibns
1784 2519 1934 2558 praeferri,
1953 2525 1985 2549 et
2001 2520 2055 2558 qui
2074 2529 2122 2550 re·
