2396 3041
506 317 564 348 303
1237 318 1432 350 Psamffls
1450 319 1571 349 xxm.
2234 320 2254 349 3

506 411 575 434 eum
593 401 649 431 hee
667 401 826 432 remedium
847 406 901 438 eet,
920 401 1027 439 Deum,
1047 403 1098 440 qni
1118 403 1203 434 nobis
1223 409 1310 435 anter
1328 409 1374 436 eat

507 440 593 476 vitae,
619 440 743 470 eundem
767 449 882 477 quoqne
906 449 970 470 esse
999 445 1251 472 conservatorem:
1280 453 1373 473 uuum

505 478 560 509 hoo
576 478 706 508 omnium
721 486 845 507 onerum
861 477 1002 514 levamen,
1019 488 1057 508 ne
1073 487 1206 510 moerere
1219 490 1374 520 oppresses

506 517 667 554 desperatio
699 515 860 546 absorbeat.
906 516 1032 552 Quando
1062 517 1162 554 itaque
1189 519 1269 549 Deus
1293 520 1374 551 vitae

505 561 623 584 nostrae
642 563 744 585 euram
763 553 909 592 suscipere
929 559 960 584 et
979 564 1080 593 gerere
1099 555 1244 592 dignatur,
1274 567 1375 596 quem·

505 593 552 623 vie
581 591 706 622 subinde
735 592 835 623 variae
864 597 973 622 mortes
1001 593 1199 631 impendeant,
1228 596 1373 626 diseamus

505 639 621 668 semper
644 630 681 660 ad
707 631 763 660 bac
791 630 904 668 asylum
926 631 1097 668 confugere:
1126 633 1186 662 ime
1204 643 1262 671 quo
1282 635 1374 672 pluri-

505 669 559 699 bus
585 669 706 707 quiaque
730 669 865 707 perieulis
885 669 1029 698 obnoxius
1048 675 1100 704 eet,
1126 671 1155 700 in
1178 671 1231 702 hae
1250 673 1374 702 medita-

505 707 585 738 tione
602 707 785 738 attentiusee
795 712 938 738 exerceat.
955 706 1015 737 Hie
1031 707 1158 746 denique
1172 710 1257 740 nobie
1271 716 1373 740 contra

504 755 607 776 omnes
634 746 764 776 insultus
799 745 1002 775 discriminum
1036 747 1158 784 clypeus
1187 748 1234 783 sit,
1272 753 1374 779 eontra

503 793 606 813 omnes
624 783 796 814 iaetaticues
819 789 848 812 et
873 783 1015 821 proeellas
1040 784 1081 814 ait
1099 786 1202 815 statio:
1229 786 1373 824 Quamvis

504 822 541 852 de
566 821 662 852 salute
690 825 792 852 nostra
820 825 919 852 aetum
948 822 995 858 sit,
1025 821 1123 852 Deum
1153 828 1250 854 tamen
1280 826 1373 855 fidum

504 869 568 891 ease
587 861 650 890 eine
670 858 836 890 custodem:
862 859 931 888 bine
955 859 1060 890 deinde
1086 868 1218 900 emergat
1235 864 1371 901 precatio,

504 903 538 928 ιιι
565 907 632 928 eam
658 898 738 928 Deus
766 898 906 927 tuendam
943 903 973 926 et
1008 900 1196 930 assemndam
1225 902 1373 940 suscipiat.

504 936 622 968 Efficiet
641 936 728 966 etiam
750 935 822 966 baec
840 935 948 966 fiducia
967 940 1002 966 ut
1021 937 1145 975 quisque
1163 949 1196 968 ee
1211 939 1247 968 ad
1263 941 1373 970 obeun-

504 975 574 1004 dum
615 975 773 1005 vocationis
810 983 879 1004 suae
914 983 1024 1004 munna
1065 981 1202 1014 prompto
1236 978 1373 1016 obsequio

504 1013 644 1052 emungat,
664 1018 694 1042 et
712 1016 883 1043 constanter
901 1012 1104 1050 intrepideque
1123 1015 1280 1046 contendat
1299 1021 1373 1046 sem-

503 1060 557 1088 per
575 1051 612 1081 ad
632 1054 747 1081 metam.
787 1050 874 1081 Unde
893 1051 972 1080 enim
990 1052 1025 1080 fit
1045 1055 1077 1081 nt
1094 1057 1152 1082 tam
1167 1055 1253 1083 multi
1269 1064 1373 1093 segnes

503 1089 564 1134 sint
582 1088 753 1134 antri-aemes,
779 1088 830 1134 alii
850 1088 965 1134 *perfide
991 1089 1117 1120 officium
1143 1091 1287 1126 deserant,
1315 1095 1371 1122 nisi

503 1127 1032 1195 fflfflmssffluffimffissfflffff
1041 1129 1244 1204 ffi‘ssffffisss
1264 1141 1371 1199 ¹3¹3ss

503 1203 682 1242 relinquunt.
721 1202 858 1241 Denique
876 1203 1007 1241 quisquis
1026 1204 1059 1234 iu
1080 1204 1138 1236 Dei
1153 1207 1298 1243 praesidio
1311 1217 1371 1237 non

503 1242 667 1280 aequieeeit,
703 1246 737 1270 ut
771 1242 834 1271 eius
868 1241 935 1271 fidei
971 1246 1000 1271 et
1031 1242 1140 1274 tutelae
1169 1245 1259 1275 vitam
1289 1255 1370 1275 suam

503 1279 698 1315 commendet,
728 1279 858 1310 nondum
881 1279 952 1318 quid
975 1281 1016 1310 sit
1043 1281 1143 1311 vivere
1170 1283 1243 1313 bene
1262 1283 1369 1314 didicit.

503 1318 616 1349 Contra
637 1327 705 1348 vero
724 1317 856 1356 quisquis
867 1317 963 1348 Deum
983 1323 1094 1350 statuet
1114 1320 1193 1350 vitae
1212 1323 1371 1356 custodem.

503 1366 568 1387 eam
587 1357 636 1386 vel
657 1356 689 1385 in
707 1356 803 1386 media
822 1363 917 1386 morte
936 1356 1046 1386 salvam
1066 1358 1127 1387 fore
1143 1369 1202 1389 non
1219 1361 1371 1390 dubitabit.

503 1395 607 1432 Neque
626 1397 703 1424 enim
731 1395 821 1423 vitam
846 1399 974 1424 nostram
1002 1395 1066 1425 iden
1092 1400 1207 1428 tantum
1228 1398 1373 1436 deponere

503 1438 617 1471 opertet
646 1435 676 1462 in
706 1441 796 1462 maun
825 1431 890 1468 Dei,
918 1436 951 1462 ut
980 1433 1060 1463 illam
1086 1435 1115 1464 in
1142 1437 1251 1466 mundo
1270 1447 1373 1475 super·

504 1472 603 1501 etitem
623 1475 788 1502 conservet:
813 1470 864 1500 sed
885 1471 974 1501 etiam
993 1476 1027 1501 ut
1046 1473 1082 1502 ab
1101 1473 1223 1504 interitu
1244 1476 1371 1504 vindicet

502 1511 535 1539 iu
554 1511 618 1547 ipsa
633 1513 737 1545 morte,
762 1509 849 1538 aienti
874 1509 1013 1538 Christus
1040 1511 1172 1548 exemplo
1192 1523 1244 1542 sne
1264 1513 1370 1543 docuit.

503 1546 756 1584 Quemadmodum
778 1547 857 1576 euim
876 1547 976 1577 David
997 1548 1087 1578 vitam
1103 1549 1159 1578 sibi
1175 1551 1252 1580 inter
1268 1553 1371 1581 mertis

504 1586 671 1616 discrimina
695 1585 846 1623 prorogari
867 1585 993 1624 optavit:
1021 1586 1063 1616 sic
1082 1587 1220 1618 Christus
1246 1591 1371 1620 caducae

503 1625 591 1654 huius
609 1625 689 1654 vitae
714 1628 824 1653 metam
853 1633 989 1661 egressus
1010 1629 1063 1660 est,
1090 1631 1123 1656 ut
1143 1626 1173 1656 iu
1194 1632 1285 1658 morte
1312 1629 1371 1666 spi-

505 1663 579 1692 ritns
598 1662 698 1692 salvus
722 1663 806 1691 foret.
845 1662 1000 1692 Generalis
1020 1673 1089 1700 ergo
1108 1669 1154 1694 eet
1169 1666 1225 1695 ista
1246 1668 1373 1704 precatio

504 1711 562 1739 qus
582 1701 674 1731 vitam
694 1709 778 1730 suam
799 1701 862 1730 Deo
882 1701 1086 1731 commendant
1105 1703 1221 1733 fideles:
1244 1706 1371 1742 primum
1392 1736 1393 1740 ,

505 1744 539 1769 ιιι
567 1748 632 1768 eam
662 1747 753 1768 mauu
792 1747 846 1768 sua
879 1745 1022 1778 protegat.
1062 1740 1202 1777 quamdiu
1237 1744 1373 1780 periculis

505 1777 606 1806 mundi
637 1777 722 1806 buius
746 1777 874 1806 obnoxia
899 1782 958 1806 est:
984 1778 1015 1806 iu
1042 1784 1136 1808 morte
1161 1788 1237 1814 vero.
1265 1782 1294 1810 in
1316 1790 1373 1819 qua

507 1815 581 1844 nihil
599 1819 717 1852 praeter
737 1815 1047 1857 interitnm'cernitur,
1077 1826 1182 1846 aroana
1202 1827 1257 1847 sua
1276 1826 1371 1848 custo-

505 1853 553 1882 dia
573 1857 671 1882 servet
698 1853 883 1883 ineolumem.
925 1853 974 1884 Sic
1000 1863 1087 1891 porro
1114 1857 1300 1886 statuendum
1320 1863 1373 1891 eat,

505 1901 559 1921 nec
578 1891 609 1920 in
632 1891 701 1926 vita,
730 1901 783 1920 nec
808 1891 836 1919 in
865 1897 958 1920 morte
979 1902 996 1921 a
1017 1893 1080 1921 Dec
1099 1902 1152 1922 noe
1173 1903 1305 1932 uuquam
1325 1895 1370 1924 de-

505 1930 578 1959 seri:
599 1930 666 1967 quia
685 1938 756 1967 quoe
776 1930 920 1967 praesidio
940 1940 993 1959 suo
1009 1931 1106 1959 salvos
1122 1932 1159 1960 ad
1175 1934 1264 1962 finem
1282 1943 1371 1971 usque

505 1967 630 2002 deducit,
650 1967 769 1996 tandem
789 1967 824 1996 ad
845 1977 877 1997 ee
897 1969 1000 2006 recipit
1018 1969 1183 2000 morientes.
1219 1971 1276 2001 Hic
1298 1982 1373 2001 unus

505 2011 551 2036 est
575 2015 612 2034 ex
638 2006 799 2042 praecipuis
825 2007 984 2043 scripturae
1010 2006 1080 2036 loeis
1104 2008 1140 2037 ad
1171 2010 1371 2047 corrigendam

505 2044 697 2074 diffidentiam
723 2045 850 2073 maxime
874 2044 1010 2075 idoneus:
1040 2047 1168 2082 primum
1195 2057 1232 2076 ne
1259 2058 1289 2078 se
1309 2058 1373 2086 per-

506 2082 599 2113 versis
627 2082 706 2112 euris
732 2087 762 2111 et
796 2082 938 2113 molestiis
967 2084 1043 2113 ultra
1072 2084 1190 2114 modum
1219 2090 1393 2123 torqueant,

506 2121 621 2151 fideles:
641 2119 753 2155 deindo,
773 2130 812 2149 ne
827 2126 906 2149 metu
926 2122 1009 2152 fracti
1036 2122 1072 2150 ab
1098 2123 1193 2152 efficio
1213 2123 1371 2162 discedant,

506 2169 544 2189 ne
563 2158 599 2188 ad
617 2167 652 2188 ea
673 2158 776 2187 taedas
795 2168 887 2188 vanas
913 2169 978 2196 spes
997 2163 1026 2189 et
1046 2161 1159 2190 fallacis
1175 2161 1303 2192 subsidia
1323 2162 1372 2192 de-

505 2199 599 2228 fluant
619 2167 672 2226 ve?
686 2196 829 2232 labantur,
859 2206 896 2226 ne
923 2196 1082 2228 terroribus
1109 2201 1307 2235 succumbant.¹
1333 2211 1371 2230 ue
1392 2198 1393 2203 ’

506 2235 630 2272 denique
649 2238 774 2263 mortem
799 2235 988 2266 exhorreant:
1018 2244 1091 2273 qnae
1118 2237 1187 2267 licet
1212 2239 1309 2268 earnis
1333 2239 1373 2268 eit

505 2274 651 2309 interitus,
671 2273 785 2302 animas
804 2279 902 2302 tamen
923 2283 981 2303 nou
1000 2275 1171 2312 exstinguit.
1212 2276 1371 2314 Praecipue

506 2322 576 2342 vero
596 2310 634 2341 ad
658 2320 694 2341 eu
715 2310 838 2341 orandae
864 2321 965 2342 ornnes
992 2313 1168 2342 tentationes
1193 2316 1291 2344 valere
1317 2316 1373 2344 hoc

507 2351 600 2384 debet.
624 2357 684 2386 quo
733 2348 869 2380 Christus
898 2351 1025 2380 animam
1045 2359 1128 2380 snam
1147 2354 1275 2382 moriens
1294 2354 1372 2390 patri

505 2387 721 2422 commendans,
751 2397 853 2417 omues
884 2398 1002 2418 snorum
1029 2389 1143 2418 animae
1168 2391 1371 2421 custodiendas

507 2427 646 2464 suseepit:
671 2424 735 2454 ideo
755 2431 787 2455 et
804 2425 972 2463 Stephanus
991 2428 1056 2456 Aet.
1077 2427 1104 2461 7,
1129 2428 1167 2457 59
1187 2439 1253 2458 eum
1273 2434 1370 2458 cuate-

507 2465 573 2495 dem
592 2465 721 2493 invocat:
741 2463 869 2494 Domine
887 2464 959 2501 iesu,
977 2465 1091 2502 suscipe
1110 2466 1244 2504 spiritum
1265 2477 1371 2503 meum,

506 2503 608 2540 inquit.
649 2502 813 2537 Caeterum,
835 2503 902 2540 quis
920 2503 1017 2532 anima
1036 2503 1120 2533 sedes
1138 2510 1183 2534 eet
1198 2505 1284 2540 vitae.
1304 2506 1369 2536 ideo

1442 412 1473 432 rn
1493 403 1556 432 vita
1586 402 1679 438 neeipi
1707 403 1779 431 eatis
1807 406 1911 431 nutum
1939 407 1991 431 est.
2030 402 2198 440 (Redemisti
2223 411 2254 431 m

1420 411 1507 477 1duod
1527 440 1718 478 praeteritum
1745 446 1858 477 tempus
1877 439 1996 477 quidam
2013 440 2046 470 iu
2065 440 2199 470 futurum
2218 450 2253 470 oo

1421 484 1549 515 vertunt,
1574 478 1649 507 mihi
1675 486 1734 506 uon
1762 478 1879 507 videtur
1904 479 2016 507 ratione
2035 478 2107 512 fieri.
2135 487 2190 508 nee
2207 479 2254 508 eni

1419 516 1519 546 dubito
1545 518 1615 554 quin
1640 525 1672 544 se
1698 515 1734 544 ad
1760 514 1911 545 fidendum
1936 517 2046 545 animet
2071 515 2180 551 David,
2212 526 2253 554 qu

1416 555 1476 584 iam
1497 561 1636 593 expertus
1656 561 1721 584 erat
1749 555 1861 592 gratiae
1887 553 1945 583 Dei
1964 553 2144 590 documenta.
2176 555 2206 584 in
2226 563 2254 584 m

1417 593 1540 623 moriam
1569 600 1716 622 revocans.
1765 592 1832 621 Hoc
1857 593 1937 620 euim
1965 601 2026 621 non
2050 593 2155 621 leviter
2180 601 2237 622 nes

1417 636 1563 668 posterum
1585 631 1747 666 confirmat,
1774 636 1806 659 nt.
1830 634 1911 660 certo
1937 630 2068 667 persuasi
2094 630 2196 667 aimus,
2221 629 2253 659 D

1418 669 1509 698 vitam
1538 674 1670 698 nostram
1699 669 1759 698 fore
1789 677 1884 704 curae,
1914 669 1940 697 ei
1968 669 2028 698 iam
2048 669 2130 706 prius
2148 668 2254 698 liberat

1417 713 1517 737 noster
1540 707 1636 736 fuerit.
1675 706 1774 744 Atque
1800 706 1857 735 huo
1882 707 2010 744 pertinet
2030 706 2203 744 epithetum,
2230 714 2254 744 qi

1416 745 1515 774 Deum
1533 745 1665 782 insignit.
1711 745 1809 774 Deum
1834 745 1912 774 enim
1941 754 2073 774 veracem
2102 744 2150 774 vel
2170 743 2254 774 fidele

1416 784 1556 819 nominat,
1592 783 1660 820 quia
1688 782 1814 812 eundem
1843 787 1984 820 perpetuu
2014 783 2147 812 futurum
2177 782 2254 812 credi

1416 821 1510 860 qualis
1529 826 1617 850 antea
1635 821 1701 858 fuit,
1721 821 1763 850 ita
1782 821 1836 850 boe
1856 821 1973 850 vinnula
1993 821 2131 859 precandi
2148 820 2254 851 fidncia

1416 867 1447 888 et
1471 869 1554 898 spem
1578 859 1670 888 futuri
1695 859 1797 888 anxilii
1823 868 1890 888 cum
1915 861 2112 896 superioribus
2140 859 2254 888 benefici

1417 899 1571 934 connectit,
1598 907 1632 926 ae
1651 897 1677 926 si
1696 897 1816 926 diceret:
1844 898 1977 932 Domine,
2000 903 2031 926 tu
2050 899 2100 935 qui
2121 896 2224 926 similis
2245 903 2254 926 ι

1417 945 1533 974 semper
1568 944 1678 973 manes,
1720 944 1814 973 neque
1848 935 1998 964 hominum
2038 945 2117 965 more
2154 935 2254 965 animn

1417 981 1520 1009 mutae.
1542 975 1601 1003 iam
1619 982 1651 1002 re
1668 975 1734 1010 ipsa
1752 978 1877 1002 testatus
1895 983 1927 1002 es
1947 979 1977 1002 te
1996 974 2100 1003 salutis
2119 981 2203 1002 meae
2221 983 2254 1004 ee

1417 1012 1582 1049 vindicems
1599 1021 1677 1041 nnuc
1696 1011 1787 1050 igitur
1806 1013 1836 1040 in
1857 1021 1948 1040 manu
1967 1017 2019 1040 tua
2039 1013 2176 1048 animam,
2203 1011 2253 1040 eui

1417 1051 1497 1080 fuisti
1517 1055 1656 1087 servator,
1676 1049 1711 1079 de
1732 1059 1797 1079 ono.
1837 1049 1923 1087 Quod
1940 1049 2038 1080 David
2055 1050 2103 1080 hie
2119 1048 2155 1078 de
2172 1056 2254 1080 ωηοι

1417 1089 1480 1119 vita
1499 1088 1679 1126 prenuntiat,
1725 1087 1811 1118 aulus
1829 1088 1855 1118 2.
1877 1088 1952 1118 Tim.
1974 1090 2000 1123 1.
2023 1087 2060 1117 12
2080 1087 2117 1118 ad
2137 1092 2254 1117 aeterna

1417 1127 1540 1156 salutem
1562 1125 1715 1155 transfert:
1743 1126 1827 1162 Novi,
1855 1127 1961 1163 iuquit,
1987 1128 2035 1157 cui
2056 1126 2239 1162 crediderim,

1417 1165 1494 1202 quod
1513 1170 1618 1202 potens
1636 1165 1676 1194 eit
1695 1163 1733 1194 ad
1751 1165 1928 1194 servandum
1948 1165 2121 1203 depositum.
2160 1165 2203 1194 Et
2218 1173 2253 1194 aa

1416 1213 1506 1241 quum
1526 1213 1562 1233 ex
1589 1202 1761 1232 liberatione
1788 1202 1941 1240 temporali
1960 1203 2060 1234 David
2080 1207 2196 1232 tantum
2217 1211 2254 1233 eo

1417 1242 1525 1279 ceperit
1544 1241 1676 1277 fiduciae,
1695 1241 1760 1278 plue
1774 1251 1862 1279 quam
1877 1241 2000 1279 maligni
2015 1248 2044 1270 et
2055 1240 2164 1278 ingrati
2175 1251 2254 1270 euml

1417 1281 1476 1309 nisi
1494 1286 1597 1309 eoum
1622 1287 1725 1308 omnes
1755 1278 1883 1309 Satanae
1903 1281 2053 1310 machinae
2073 1279 2185 1309 invicta
2204 1280 2254 1309 for*

1417 1318 1519 1347 tudine
1538 1317 1658 1347 instruit
1678 1317 1839 1355 redemptio
1861 1317 1971 1348 Christi
1991 1318 2135 1356 sauguine
2155 1322 2251 1355 parta.

1494 1357 1522 1386 6.
1542 1356 1627 1394 (Odia
1645 1355 1754 1394 habui.)
1793 1355 1859 1392 Quo
1885 1357 1989 1386 melius
2016 1356 2171 1394 exprimat,
2197 1355 2254 1385 fide

1418 1403 1502 1424 suam
1522 1396 1554 1423 iu
1572 1394 1636 1423 Dec
1663 1395 1782 1430 penitus
1807 1395 1932 1423 defixam
1959 1405 2029 1431 esse,
2059 1395 2173 1423 vitiosis
2199 1394 2254 1423 affe

1419 1432 1505 1467 tibus,
1531 1434 1583 1470 qui
1606 1437 1720 1461 mentes
1745 1439 1862 1462 nostras
1886 1440 2018 1463 avertere
2045 1443 2062 1463 a
2088 1432 2153 1462 Deo
2180 1431 2254 1462 selei

1417 1477 1448 1500 et
1465 1471 1570 1508 quibua
1600 1476 1635 1499 nt
1663 1470 1821 1507 plurimum
1840 1470 1975 1500 laborant
1993 1470 2144 1506 inereduli,
2179 1479 2254 1508 puru

1417 1518 1449 1538 ae
1481 1510 1570 1539 fuisse
1600 1510 1736 1538 affirmat.
1783 1509 1859 1538 Nam
1889 1511 2101 1540 contrariorum
2132 1508 2254 1538 amithai

1434 1551 1465 1576 ut
1483 1546 1602 1585 eminus)
1622 1556 1684 1576 rem
1700 1547 1804 1576 meiius
1818 1548 1953 1576 illustrat.
1993 1549 2160 1582 Caeterum,
2180 1555 2254 1576 nom*

1439 1592 1490 1623 257
1510 1585 1547 1614 ad
1566 1586 1695 1622 magiona
1714 1590 1791 1614 artes
1810 1586 1948 1624 restringi
1967 1585 2012 1625 (ut
2036 1586 2148 1616 faciunt.
2167 1584 2254 1622 quida

1417 1624 1604 1662 interpretes)
1631 1623 1789 1652 absurdum
1814 1630 1868 1653 est.
1907 1625 2014 1654 Fateor
2039 1624 2157 1662 quidem
2177 1623 2253 1652 talia

1417 1663 1586 1700 imposturis
1608 1661 1692 1690 vaide
1711 1662 1839 1690 addictos
1859 1663 1947 1692 fuisse
1967 1662 2142 1696 Oriente-ies.
2166 1666 2202 1690 ut
2222 1670 2254 1690 vt

1417 1701 2228 1776 {iffa{33³hssss11f2¹5351¹‘m”33}23¹11122⁰3003‘¹s'²322¹?”25²
2221 1708 2254 1766 ,ἒ

1419 1777 1483 1806 dem
1504 1777 1647 1806 illecebris
1667 1787 1684 1805 u
1703 1777 1766 1804 Dec
1788 1782 1908 1812 avertat,
1928 1780 2053 1815 speeiem
2071 1786 2159 1806 unam
2179 1775 2254 1804 dunt

1418 1820 1471 1844 xet
1496 1816 1593 1844 notari
1619 1824 1636 1844 a
1664 1815 1814 1852 prophete,
1846 1825 2028 1853 nequaquam
2055 1815 2205 1854 probabile
2230 1823 2254 1844 οι

1419 1853 1613 1890 Quaecunque
1636 1862 1706 1890 ergo
1731 1863 1823 1884 vanas
1848 1863 1914 1891 spes
1934 1855 2018 1884 nobie
2037 1854 2184 1892 fingimus,
2211 1861 2254 1890 qu

1417 1901 1471 1920 nne
1496 1901 1515 1919 a
1542 1892 1597 1920 Dei
1621 1891 1729 1920 fiducia
1753 1892 1912 1927 retrahant,
1941 1894 2080 1922 vanitates
2107 1892 2254 1930 generalit

1418 1930 1544 1966 appellat
1564 1929 1670 1965 David,
1697 1934 1727 1958 et
1752 1931 1868 1966 quidem
1894 1931 2030 1961 falsitatis
2058 1931 2103 1960 vel
2124 1929 2254 1959 mendaci

1417 1968 1488 2004 quia
1517 1968 1570 1998 etei
1610 1968 1645 1997 ad
1680 1974 1797 2005 tempus
1825 1969 1979 2006 magnifica
2009 1969 2200 2000 ostentatione
2230 1978 2254 1997 ιιι

1417 2012 1549 2042 pascunt,
1578 2006 1694 2034 tandem
1720 2007 1863 2035 deludunt
1889 2016 1921 2036 ae
1947 2009 2134 2037 frustrantur.
2178 2007 2254 2043 Ite-qi

1418 2048 1542 2073 testatur
1562 2054 1594 2073 se
1619 2045 1739 2073 obiectis
1765 2046 1950 2081 vanitatibus,
1977 2056 2047 2083 quae
2073 2046 2110 2074 ad
2136 2054 2203 2082 apes
2229 2046 2254 2074 ai

1417 2082 1598 2112 fabricandas
1632 2083 1789 2120 imaginari
1823 2084 1955 2114 homines
1991 2086 2094 2120 solent,
2126 2084 2156 2113 in
2189 2083 2254 2113 selu

1417 2119 1515 2149 Deum
1536 2121 1711 2150 recumbere.
1752 2121 1829 2157 Quia
1848 2131 1918 2151 vero
1938 2132 1995 2152 uon
2012 2123 2096 2153 modo
2111 2130 2143 2152 se
2159 2122 2254 2159 quisqi

1417 2159 1544 2188 inebriat
1574 2160 1724 2189 fallacibus
1752 2161 1853 2189 mundi
1884 2161 2035 2199 memhris,
2066 2161 2116 2190 sed
2142 2161 2191 2190 aiii
2211 2161 2254 2189 ali*

1417 2197 1579 2242 desipiunt:
1606 2198 1713 2228 diserte
1737 2199 1839 2228 asserit
1866 2199 2010 2235 propheta
2034 2200 2089 2230 sibi
2108 2199 2174 2228 odio
2194 2199 2254 2228 fuis

1417 2244 1519 2265 omnes
1538 2236 1586 2273 qui
1606 2246 1637 2265 se
1658 2236 1763 2266 talibus
1784 2236 1941 2266 mendaciis
1961 2239 2126 2276 implicent:
2153 2242 2187 2267 ut
2205 2246 2254 2266 cer

1417 2284 1599 2311 summopere
1619 2275 1702 2303 nobis
1728 2275 1859 2312 fugiendi
1878 2280 1955 2310 sunt,
1981 2278 2039 2306 uisi
2060 2277 2137 2306 ultre
2158 2276 2254 2305 velim

1416 2313 1513 2347 noxiis
1535 2322 1634 2342 eci-um
1661 2314 1841 2350 eaptinuibus
1867 2315 1984 2344 irretiri.
2023 2314 2192 2345 Secundum
2214 2325 2254 2344 ve:

1417 2350 1579 2380 membrum
1601 2352 1774 2380 eouiunctim
1797 2353 1953 2390 legendum
1973 2358 2026 2390 eet,
2044 2355 2076 2383 in
2098 2353 2202 2383 Idonea
2221 2362 2254 2390 Ψ

1416 2390 1488 2425 ravi,
1508 2389 1577 2426 quia
1592 2394 1622 2418 et
1638 2399 1754 2419 eausam
1772 2390 1827 2419 edii
1845 2391 1984 2428 assignat,
1999 2399 2029 2421 et
2043 2392 2130 2421 simul
2149 2397 2254 2421 testate

1417 2437 1474 2456 ucn
1496 2428 1579 2456 aliter
1599 2437 1679 2464 spem
1699 2437 1783 2456 enam
1809 2430 1941 2458 hemines
1967 2431 2032 2459 Deo
2051 2430 2193 2465 addicere,
2223 2430 2254 2459 ni

1415 2465 1453 2494 ab
1469 2466 1602 2496 omuibus
1622 2467 1818 2497 avocamentis
1838 2467 2021 2498 abhorreant.
