2396 3041
356 344 392 374 31
1086 340 1278 372 PSALMUS
1297 342 1394 374 XCV.
2098 342 2138 372 32

356 427 484 466 graniito
503 426 560 456 Dei
580 426 718 456 beneficio
737 426 863 457 excellat
881 435 970 463 snpra
988 436 1089 456 omnes
1133 429 1224 462 entes,

356 465 559 496 vehementior
576 469 621 494 est
639 473 749 494 sermo:
770 465 854 495 sieuti
873 465 1034 502 pleniorem
1054 465 1102 494 lau
1124 465 1148 494 is
1161 473 1223 493 ma-

356 504 459 535 teriam
475 503 558 533 nobis
576 503 658 532 Deus
678 503 844 541 suppeditat
861 503 933 532 dnm
950 503 1095 540 spirituali
1114 502 1223 531 honore

356 551 411 572 nos
429 541 582 580 dignatur,
601 545 632 570 et
649 546 765 579 praeter
785 541 920 570 meritum
940 541 1093 578 anteponit
1113 541 1223 570 eunetis

356 580 537 610 mortalibus.
576 579 681 617 Itaque
701 579 794 609 tribus
819 579 917 609 verbis
943 588 1005 609 rem
1031 588 1122 608 uuam
1148 578 1223 608 deei-

398 622 443 654 at,
461 623 494 648 ut
513 617 624 648 scilieet
642 617 696 647 filii
714 617 851 648 Abrahae
872 627 902 647 se
921 622 997 647 totos
1015 617 1058 647 illi
1077 617 1221 646 addicant.

386 666 468 687 erum
488 656 605 694 quidem
624 657 677 691 est,
698 656 771 685 tanti
790 656 934 685 momenti
950 665 1014 684 esse
1030 656 1086 684 Dei
1101 655 1221 690 cultum¹

332 698 334 700 '
356 695 393 724 de
411 703 470 732 quo
491 695 676 724 nonnionatnr
696 694 849 731 propheta,
869 698 902 723 ut
920 703 1022 723 omnes
1042 699 1155 723 nostros
1175 703 1221 723 co-

355 737 443 763 natus
462 732 518 763 eibi
534 732 639 762 merito
658 731 806 762 vendicet:
827 731 879 762 sed
898 731 1026 762 notanda
1040 736 1086 762 est
1101 731 1223 762 circum-

357 771 480 806 stantia.
507 770 582 808 quod
601 770 710 800 soilioet
755 775 890 800 aternum
908 771 965 800 Dei
991 771 1121 799 favorem
1145 779 1223 799 eom-

356 809 487 844 mendet.
514 818 571 846 qno
594 808 673 838 Deus
698 817 774 838 soos
794 809 929 838 Abrahae
954 808 1030 838 filios
1053 808 1223 844 complexus

357 851 431 883 erat,
457 847 543 877 utin
561 857 576 877 s
598 856 643 877 em
669 847 831 885 spiritualis
856 852 886 876 et
912 851 1047 877 aeternae
1072 846 1149 876 vitae
1173 854 1223 875 eos

357 887 516 924 adoptaret
587 894 621 915 oo
641 894 755 923 quoque
776 885 934 914 notandum
955 890 1009 919 est.
1030 894 1088 914 non
1108 886 1223 913 tantum

358 925 395 954 de
420 923 514 954 cordis
541 923 719 960 gratitudine
749 923 797 953 hie
826 925 888 960 agi,
917 923 968 953 sed
999 923 1085 952 simul
1116 923 1223 959 requiri

357 962 564 1000 professionem
591 966 742 991 externam
767 961 893 999 pietatis.
937 961 1000 991 Hoo
1027 961 1105 991 onim
1132 960 1225 990 tribus

357 1001 456 1030 verbis
475 999 660 1037 exprimitur.
689 999 784 1029 officio
809 1008 861 1030 suo
886 1009 943 1029 uon
972 999 1090 1036 defungi
1115 998 1223 1033 fideles.

359 1039 416 1069 nisi
434 1038 531 1076 palam
551 1042 582 1067 et
599 1047 678 1075 genu
698 1039 821 1070 flexione
845 1042 875 1067 et
901 1038 965 1067 aliis
991 1038 1083 1075 signis
1103 1037 1166 1066 Deo
1193 1046 1225 1066 se

357 1078 391 1106 iu
409 1076 582 1106 sacrifieium
602 1075 737 1105 offerant.
775 1075 888 1106 Faoiem
908 1075 966 1106 Dea·
993 1085 1027 1106 eo
1052 1085 1109 1113 quo
1132 1085 1226 1112 nuper

359 1115 421 1144 dixi
439 1124 528 1144 sensu
548 1114 671 1152 aoeipio,
698 1119 730 1143 ut
749 1114 860 1144 scilicet
885 1119 954 1143 ante
978 1123 1076 1143 aream
1102 1113 1225 1143 foederis

380 1162 398 1183 o
418 1153 486 1182 ulus
504 1162 535 1182 se
555 1156 733 1189 prosternat:
763 1153 831 1189 quia
851 1162 945 1181 sermo
970 1152 1006 1181 de
1030 1153 1116 1190 legali
1144 1152 1225 1182 eultn

359 1163 398 1221 {a
435 1199 493 1220 tur.
534 1190 657 1227 Semper
676 1195 774 1220 tamen
796 1189 929 1220 addenda
954 1195 998 1220 est
1020 1190 1166 1227 exceptio,
1193 1193 1227 1219 ut

359 1228 484 1260 sublatis
502 1228 532 1258 in
551 1229 664 1258 coelum
683 1229 783 1262 oeulis,
803 1227 995 1266 spiritualiter
1012 1227 1110 1258 Deum
1129 1227 1227 1258 colant
1246 1237 1247 1243 ¹

361 1267 470 1298 fideles.

439 1306 464 1334 7.
486 1305 574 1343 (Quia
593 1305 654 1341 ipss
673 1303 753 1334 Deus
771 1304 883 1343 noster.)
922 1304 1064 1341 Quamvis
1089 1304 1119 1332 in
1148 1303 1227 1333 huno

361 1345 450 1375 finem
468 1348 597 1373 ereetum
616 1343 656 1372 sit
674 1347 767 1372 totum
787 1343 949 1372 humanum
974 1352 1081 1381 genus,
1107 1342 1228 1372 ecelesia

361 1388 459 1412 tamen
478 1391 538 1410 non
564 1381 614 1410 abs
641 1391 672 1410 re
698 1387 820 1411 vocatur
847 1381 904 1410 Dei
934 1381 1075 1418 plantatio
1104 1381 1135 1410 in
1165 1381 1227 1410 eius

361 1420 487 1450 landem.
526 1420 630 1457 Itaque
657 1420 760 1448 merito
787 1419 915 1449 officium
936 1419 990 1449 hoc
1009 1418 1171 1455 speeialiter
1191 1420 1227 1447 ab

362 1459 453 1488 eleeto
469 1458 577 1496 populo
598 1457 690 1496 exigit
729 1458 860 1495 ropheta.
898 1457 981 1487 Haeo
1007 1458 1082 1486 ratio
1108 1463 1152 1486 est
1175 1466 1228 1486 cur

361 1495 516 1528 admoneat
534 1495 612 1525 filios
633 1495 712 1525 Abra
735 1505 767 1525 ae
788 1495 824 1525 de
843 1495 1048 1526 inaestimabili
1075 1495 1227 1533 privilegio

359 1544 420 1573 quo
438 1536 516 1572 ipsos
534 1534 563 1562 di
587 1539 673 1563 natue
690 1534 787 1563 fuerat
806 1543 895 1570 quum
915 1543 965 1563 eos
980 1534 1013 1562 in
1028 1543 1111 1563 snam
1127 1543 1227 1562 curam

360 1574 531 1610 susciperet.
599 1581 647 1601 am
671 1573 724 1601 etsi
748 1572 959 1610 quodammodo
984 1571 1040 1601 hoe
1068 1571 1105 1601 ad
1136 1575 1227 1601 totum

363 1611 525 1642 humanum
545 1620 638 1648 genus
657 1615 754 1648 posset
772 1610 901 1646 extendi,
926 1615 1038 1640 eertum
1057 1615 1154 1640 tamen
1175 1615 1228 1645 est,

363 1650 461 1680 Deum
482 1649 578 1678 vocari
598 1648 735 1678 eeclesiae
755 1658 824 1678 snae
844 1655 999 1686 pastorem,
1025 1657 1084 1677 non
1104 1649 1228 1686 qualiter

364 1687 489 1725 reliquos
519 1687 657 1725 mortales
681 1688 844 1724 promissus
872 1687 931 1720 alit.
961 1687 1086 1716 sustinet
1114 1695 1148 1715 ae
1177 1696 1228 1724 gu-

364 1727 480 1756 bernat:
510 1726 562 1755 sed
591 1725 659 1762 quia
683 1734 746 1754 eam
776 1735 793 1754 a
819 1729 881 1754 toto
903 1724 1013 1754 mundo
1033 1723 1175 1758 distinxit.
1198 1729 1228 1753 ut

365 1770 486 1803 paterno
506 1764 571 1793 sinu
591 1764 694 1792 foveat.
734 1764 865 1793 Vocatur
890 1772 959 1802 ergo
974 1763 1098 1800 populus
1114 1771 1230 1799 pascito-

363 1812 429 1832 rum
448 1811 534 1838 quem
554 1803 635 1831 Deus
655 1801 791 1838 peenliari
812 1811 882 1831 eura
901 1805 930 1830 et
949 1806 1056 1836 tuetur,
1082 1805 1113 1830 et
1132 1810 1228 1838 prose-

364 1840 462 1878 quitur
482 1839 560 1869 omni
580 1839 784 1870 beneficiorum
809 1848 925 1877 genere.
964 1839 1084 1868 Poterat
1113 1838 1228 1876 quidem

364 1877 530 1908 distinotius
549 1877 635 1916 loqui,
657 1877 786 1907 vocando
802 1886 910 1916 qreyem
926 1886 1105 1914 pascuorum,
1136 1879 1161 1906 et
1179 1885 1230 1913 po-

360 1917 462 1954 pulum
480 1925 596 1945 mnus:
616 1915 673 1953 vel,
692 1917 717 1945 si
737 1919 853 1945 tantum
869 1925 975 1945 nomen
990 1916 1061 1952 legis
1079 1916 1230 1952 posuisset,

365 1954 502 1985 continua
520 1953 630 1984 fluebat
649 1953 835 1991 metaphora:
867 1953 917 1984 sed
945 1963 1002 1983 non
1027 1953 1098 1983 edeo
1118 1953 1230 1984 curavit

366 1992 507 2024 sermonis
523 1991 706 2030 elegantiam,
722 1991 808 2022 modo
823 1991 963 2030 populum
980 1991 1230 2021 deineestimabili

366 2031 530 2068 adoptionis
550 2031 644 2068 gratia
664 2034 804 2064 moneret,
835 2031 917 2060 ouius
942 2031 1009 2059 finis
1038 2035 1101 2059 erat
1125 2036 1158 2059 ut
1177 2030 1230 2059 sub

369 2070 428 2098 Dei
446 2068 503 2098 fide
523 2078 555 2098 ao
576 2069 669 2098 tutela
689 2068 815 2106 degeret,
835 2068 977 2106 bonisque
997 2068 1132 2098 omnibus
1154 2068 1230 2097 frue—

367 2113 459 2137 retur.
501 2107 578 2136 Grex
597 2115 698 2137 manue
716 2112 839 2137 vocatur
869 2116 926 2136 non
955 2112 1016 2136 tam
1036 2106 1113 2144 quod
1132 2115 1150 2134 a
1169 2106 1232 2135 Deo

367 2146 509 2176 formatus
537 2145 584 2180 sit,
612 2155 699 2182 quam
730 2155 762 2174 eo
792 2145 868 2182 quod
898 2145 1009 2181 regitur
1038 2145 1100 2173 eius
1132 2154 1230 2173 manu.

368 2184 482 2214 Gallice
502 2183 625 2212 dicimus
650 2183 675 2212 le
700 2186 836 2220 troupenu
853 2183 888 2212 de
906 2193 940 2212 sn
958 2182 1090 2212 confluite.
1130 2182 1231 2218 Quan-

368 2232 453 2260 quam
484 2226 580 2251 autem
610 2221 763 2251 antithesis
792 2230 879 2259 qnam
909 2221 1044 2250 nonnulli
1068 2221 1232 2256 observant,

367 2260 453 2298 paulo
483 2259 559 2289 forte
587 2259 717 2296 argutior
737 2263 781 2289 est
801 2268 887 2296 quam
908 2260 981 2288 ferat
1000 2259 1146 2297 genuinus
1165 2268 1232 2296 pro-
1258 2266 1259 2269 ¹

366 2299 474 2336 phetae
493 2307 605 2333 sensns,
624 2297 721 2326 Deum
740 2297 851 2326 seilicet.
867 2297 1009 2333 pascendo
1025 2297 1129 2334 populo
1141 2298 1232 2326 inteu-

369 2344 431 2366 tum
451 2345 523 2371 esse,
544 2345 596 2365 neo
617 2336 658 2364 uti
685 2335 870 2365 conductitiis
901 2335 1081 2373 pastoribus:
1113 2335 1230 2364 dubium

368 2381 466 2405 tamen
493 2384 550 2404 non
580 2379 624 2403 est
653 2374 721 2411 quin
751 2373 913 2410 exprimere
941 2373 1065 2403 voluerit
1090 2373 1233 2411 propheta

370 2413 564 2451 propinquum
588 2412 671 2440 illum
691 2418 721 2440 et
740 2411 910 2440 familiarem
931 2411 1151 2448 gubernationis
1170 2421 1231 2440 mo·

370 2453 439 2480 dum
459 2451 505 2488 qui
528 2456 596 2480 tune
616 2451 646 2479 in
667 2459 723 2479 uno
744 2450 886 2479 duntaxat
907 2449 1011 2487 populo
1032 2449 1154 2487 refulsit,
1175 2459 1232 2478 non

370 2488 448 2526 quod
468 2489 619 2518 hominum
641 2497 741 2526 operas
761 2487 842 2517 Deus
861 2487 1006 2522 abiiceret,
1035 2488 1082 2525 qni
1104 2487 1233 2517 sacerdo-

371 2527 459 2562 tibus.
489 2527 652 2564 prophetis,
682 2526 840 2562 iudicibus,
870 2524 974 2554 deinde
1004 2527 1089 2555 etiam
1114 2526 1234 2564 regibus

1269 427 1369 464 populi
1396 427 1443 456 sui
1472 427 1603 465 regimen
1633 427 1797 456 mandavit:
1827 427 1879 456 sed
1905 427 1973 464 quia
1999 425 2087 456 aliter
2105 426 2138 454 in

1268 465 1376 503 populo
1404 465 1455 494 illo
1483 474 1570 503 quem
1599 465 1727 503 generali
1757 465 1940 510 providentia
1964 466 1996 495 in
2022 463 2137 502 reliquo

1268 503 1392 542 mundo,
1421 503 1545 540 pastoris
1570 503 1699 534 officium
1725 503 1825 533 obiret.
1864 503 1969 542 (Hodie
1993 503 2023 533 ει·
2048 510 2138 532 vom

1268 541 1350 580 eius.)
1382 541 1551 571 Seeundnm
1565 542 1717 572 Hebraeos
1734 541 1863 571 conditio
1884 542 1955 571 haec
1976 541 2138 579 opponitur

1269 579 1307 609 ad
1325 580 1488 618 proximam
1501 581 1686 610 sententiam:
1708 589 1741 610 ao
1756 581 1782 610 si
1797 579 1984 609 denuntiaret
1993 577 2139 618 propheta

1269 627 1329 648 nou
1348 618 1433 648 aliter
1453 627 1623 648 mansurum
1649 627 1713 648 esse
1738 618 1879 656 populum
1904 618 1935 647 in
1955 617 2138 655 possessione

1269 665 1339 686 auae
1358 655 1510 694 dignitatis
1528 665 1563 685 ac
1581 656 1735 694 privilegii,
1761 657 1817 686 nisi
1843 657 1875 685 in
1895 656 1952 685 Dei
1970 655 2138 685 obedientia

1269 699 1420 732 perstaret.
1461 695 1592 724 Graecus
1620 695 1766 732 interpres
1795 704 1861 724 eum
1891 694 2026 730 sequenti
2047 702 2138 723 versu

1269 733 1408 767 contexit.
1439 732 1483 762 Ne
1501 731 1640 763 obderem
1659 734 1742 763 corda
1760 735 1866 763 vestra:
1914 742 1968 762 uae
1987 731 2140 762 sententia

1269 771 1377 807 optime
1396 770 1541 800 cohaeret.
1581 770 1613 800 Si
1642 776 1740 800 tamen
1766 771 1861 808 placet
1879 770 2027 801 distinctio
2047 779 2139 808 quam

1269 813 1383 846 ponunt
1402 809 1538 844 Hebraei,
1569 809 1663 838 voluit
1690 811 1854 846 exprimere
1903 809 2033 846 rophetu,
2062 808 2140 838 filios

1269 846 1407 877 Abrahae
1425 847 1490 876 ideo
1517 856 1579 876 esse
1604 856 1724 884 gregem
1749 857 1852 877 manue
1902 847 1936 883 ei,
1966 847 2036 884 quia
2053 846 2140 877 Deus

1270 885 1362 923 legem
1383 894 1475 920 suam,
1496 885 1579 921 quasi
1595 885 1711 921 pedum.
1741 886 1772 914 in
1798 885 1893 915 medio
1912 886 1976 915 eius
1993 890 2139 920 erexerat,

1269 933 1326 960 quo
1345 933 1376 952 se
1395 926 1543 960 pastorem
1563 923 1736 953 ostenderet.
1775 923 1820 952 Ita
1843 923 1987 960 particula
2032 929 2058 960 κ
2076 933 2139 952 non

1271 961 1326 992 erit
1346 961 1460 999 proprie
1480 961 1692 997 conditionalis,
1713 961 1765 992 sed
1793 961 1966 998 expositiva.
2035 961 2063 991 el
2083 970 2140 998 pro

1271 1000 1408 1037 temporis
1428 999 1564 1029 adverbio
1583 1004 1727 1029 sumetur:
1749 1009 1782 1029 ae
1802 1000 1826 1030 si
1842 999 1952 1030 dietum
1961 1003 2046 1034 esset,
2061 999 2140 1030 bane

1271 1048 1333 1067 esse
1353 1038 1535 1067 discretionis
1554 1042 1654 1066 notam
1674 1039 1751 1067 inter
1766 1043 1868 1075 gentes
1883 1046 1914 1067 et
1923 1037 2054 1071 ludaeos,
2068 1039 2141 1074 quia

1249 1094 1250 1097 =
1271 1076 1353 1106 Deus
1373 1076 1408 1106 ad
1429 1076 1483 1106 bos
1503 1084 1602 1105 vocem
1622 1085 1705 1105 suam
1725 1075 1887 1106 direxerat:
1911 1077 1986 1106 sieut
2004 1075 2074 1105 alibi
2093 1075 2140 1106 di-

1271 1114 1354 1150 eitur,
1375 1123 1435 1143 nou
1455 1115 1496 1142 ita
1513 1114 1615 1143 fecisse
1635 1114 1750 1152 reliquis
1772 1114 1945 1152 nationibus,
1969 1113 2048 1143 Peal.
2068 1114 2140 1148 147.

1271 1153 1317 1182 20.
1358 1153 1483 1182 Dixerat
1512 1157 1606 1181 autem
1638 1153 1718 1188 priua
1748 1153 1860 1186 Moses.
1889 1153 1977 1182 Dent.
2003 1153 2031 1187 4,
2057 1153 2084 1182 6.
2107 1153 2141 1182 ⁵2:

1271 1191 1353 1220 Haeo
1373 1195 1417 1220 est
1437 1190 1574 1220 nobilitas
1595 1197 1692 1220 vestra
1709 1200 1807 1220 coram
1828 1190 1950 1228 populis,
1966 1199 2042 1227 quse
2057 1191 2140 1220 enim

1273 1232 1317 1258 est
1337 1229 1414 1258 natio
1433 1229 1488 1258 sub
1508 1228 1594 1263 coelo,
1615 1238 1688 1265 quae
1708 1227 1777 1258 deos
1797 1228 1903 1258 babeat
1921 1228 1962 1258 ita
1981 1237 2071 1266 appro
2094 1229 2142 1258 iu·

1273 1271 1396 1304 quantes
1415 1267 1490 1295 sibi?
1512 1267 1617 1295 Solent
1631 1271 1727 1296 autem
1745 1267 1838 1296 multa
1854 1267 2014 1304 prophetae
2028 1238 2143 1297 affuso

1273 1306 1410 1339 mutuari,
1431 1310 1464 1332 ut.
1483 1305 1554 1333 satis
1573 1309 1676 1334 netum
1695 1310 1754 1334 est:
1781 1315 1814 1334 ao
1839 1305 2002 1342 emphatice
2021 1305 2143 1334 demon·

1273 1347 1348 1372 strat
1367 1343 1515 1381 Propheta
1535 1343 1563 1372 in
1585 1342 1722 1372 adverbio
1741 1343 1829 1379 hodie,
1854 1343 1978 1373 Iudaeos
1998 1352 2062 1373 esse
2082 1343 2143 1373 Dei

1275 1381 1421 1418 populum,
1440 1390 1530 1418 quum
1549 1381 1668 1410 audiant
1688 1382 1750 1411 eius
1770 1390 1882 1412 vocem:
1904 1382 1971 1419 quia
1991 1391 2051 1411 non
2070 1391 2142 1420 pro·

1273 1420 1318 1449 onl
1339 1419 1535 1455 quaerendum
1560 1420 1599 1448 eit
1628 1419 1835 1456 testimonium,
1863 1420 1914 1449 sed
1939 1420 1970 1449 in
1997 1429 2030 1449 re
2055 1429 2142 1457 prue-

1276 1457 1353 1487 senfi
1373 1463 1519 1495 appareat,
1537 1463 1569 1486 et
1587 1457 1642 1487 sub
1661 1457 1752 1487 oeulis
1772 1464 1914 1487 versetur.
1953 1458 2043 1487 Iubet
2069 1467 2142 1496 ergo

1275 1496 1305 1525 in
1325 1505 1358 1525 eo
1378 1500 1523 1532 pastorem
1543 1505 1708 1533 agnoscere,
1727 1496 1805 1534 quod
1821 1506 1920 1527 vocem
1934 1496 1996 1526 eius
2009 1495 2142 1530 audiant,

1273 1535 1342 1572 quia
1361 1534 1504 1600 sindgulari
1524 1534 1619 1571 gratia
1638 1534 1747 1563 fastum
1766 1538 1811 1564 est
1829 1539 1859 1563 nt
1884 1543 1934 1564 eos
1958 1534 2144 1564 familiariter

1275 1573 1382 1610 alloqui
1421 1572 1538 1610 ignatus
1556 1573 1603 1601 sit.
1643 1572 1727 1609 Quod
1744 1573 1794 1601 alii
1814 1576 1941 1607 vertunt,
1962 1572 2092 1608 Utinam,
2113 1577 2145 1602 et

1275 1610 1378 1641 volunt
1410 1619 1480 1645 esse,
1512 1609 1681 1640 adverbium
1710 1610 1869 1645 hortantis,
1901 1620 2006 1640 vereor
2034 1619 2073 1641 ne
2102 1611 2145 1641 sit

1275 1653 1414 1678 coactum.
1444 1647 1522 1677 Illud
1538 1657 1606 1677 vero
1627 1649 1752 1678 alterum
1772 1649 1912 1678 ooneinne
1932 1649 2005 1684 finit,
2025 1648 2145 1686 quando

1278 1696 1333 1716 vox
1362 1686 1419 1716 Dei
1448 1686 1563 1716 assidue
1590 1687 1620 1715 in
1647 1687 1765 1716 auribus
1793 1691 1939 1724 personat,
1970 1696 2024 1716 nee
2050 1687 2144 1716 semel

1275 1730 1390 1755 tantum
1410 1724 1540 1762 patribus
1561 1724 1689 1754 ostendit
1708 1725 1861 1762 pastoralis
1879 1735 1976 1762 curae,
2002 1725 2048 1755 vel
2069 1734 2145 1763 qno-

1275 1764 1373 1792 tannis
1391 1763 1558 1792 memoriale
1578 1762 1692 1799 aliquod
1708 1763 1852 1792 duntaxat
1868 1764 1994 1800 praebet,
2010 1763 2146 1794 sedeon-

1275 1803 1371 1830 tinuat
1391 1801 1445 1830 hoo
1465 1810 1580 1835 munus,
1610 1801 1681 1831 eatis
1700 1801 1779 1830 clare
1797 1802 1931 1838 patefieri
1951 1801 2058 1832 eleetos
2077 1811 2145 1832 esse

1275 1840 1399 1869 Iudaeos
1419 1840 1451 1869 iu
1471 1849 1598 1876 gregem.

1353 1917 1379 1945 8.
1401 1915 1447 1944 Ne
1461 1915 1600 1944 obduretis
1619 1925 1666 1945 eor
1679 1918 1801 1945 vestrum
1819 1917 1890 1945 sicut
1911 1917 1942 1945 in
1962 1916 2083 1951 Mariba,
2103 1926 2146 1946 ee-

1276 1954 1396 1984 oundum
1414 1954 1488 1983 diem
1507 1952 1610 1983 Massa
1627 1955 1660 1983 in
1679 1954 1792 1989 deserta
1831 1954 1858 1984 9.
2025 1957 2147 1984 maee-

1276 1995 1342 2021 runt
1360 2001 1404 2021 me
1418 1994 1515 2029 patres
1534 1991 1633 2026 vestri.
1659 1992 1847 2028 probaverunt
1871 2001 1922 2029 me,
1947 2000 2034 2030 quum
2051 1995 2148 2023 tannen

1276 2031 1409 2060 vidissent
1429 2039 1499 2066 opus
1518 2039 1617 2059 meum.
1649 2031 1693 2060 10.
1714 2030 1907 2066 Quadraqinm
1927 2040 2017 2060 annos
2034 2031 2149 2069 titianus·

1276 2077 1339 2098 oum
1365 2068 1537 2105 ymeratiom
1565 2067 1624 2104 Ιιαο,
1654 2071 1679 2098 et
1699 2069 1775 2098 ἀίει-ὑ
1804 2069 1930 2105 Populus
1954 2071 2020 2098 etmt
2044 2078 2149 2099 mans

1276 2106 1372 2136 corde.-
1392 2108 1417 2135 et
1435 2106 1494 2143 ipsi
1512 2115 1568 2135 non
1586 2109 1766 2144 cognoverunt
1786 2107 1848 2136 vias
1863 2116 1947 2138 meas,
1987 2107 2033 2136 11.
2051 2107 2149 2144 Quare

1278 2145 1373 2174 iuravi
1391 2145 1424 2173 in
1442 2145 1488 2173 ira
1506 2154 1576 2182 mea,
1596 2145 1630 2174 Si
1649 2145 1798 2175 introibunt
1817 2145 1848 2175 in
1866 2145 1989 2183 requiem
2006 2154 2108 2176 meant.

1356 2221 1382 2251 8.
1403 2220 1460 2259 (Ne
1478 2220 1636 2259 obduretis.)
1665 2221 1743 2257 Quis
1763 2221 1852 2251 durae
1871 2220 1992 2252 cervicis
2007 2227 2101 2259 erant,
2117 2226 2149 2253 et

1280 2259 1412 2289 difficiles
1436 2258 1472 2288 ad
1497 2259 1677 2296 obsequium,
1703 2264 1854 2296 postquam
1874 2259 1931 2289 Dei
1949 2260 2075 2298 gratiam
2094 2270 2149 2290 ex·

1279 2298 1346 2326 tulit
1366 2307 1399 2326 ao
1419 2296 1576 2326 celebravit
1595 2298 1624 2326 in
1651 2298 1743 2326 officie
1774 2298 1914 2334 pastoris,
1945 2299 1987 2327 ita
2016 2298 2150 2328 vieiss'un

1278 2335 1415 2365 admonet
1435 2343 1469 2364 ut
1488 2335 1635 2365 docilitate
1661 2342 1690 2365 et
1718 2335 1832 2373 placida
1860 2335 2089 2366 mansuetudine
2115 2346 2149 2366 se

1278 2383 1397 2411 gregem
1426 2373 1526 2404 ovium
1554 2373 1619 2403 eius
1647 2383 1711 2403 esse
1741 2374 1873 2411 probent,
1902 2383 1936 2403 ao
1961 2383 2019 2411 quo
2041 2373 2150 2405 melius

1280 2416 1446 2448 tangantur.
1497 2412 1622 2440 Petrum
1651 2412 1863 2440 contumaciam
1895 2412 1953 2442 illis
1980 2413 2149 2450 exprobrat.

1280 2449 1458 2487 Quanquam
1478 2455 1576 2478 autem
1595 2459 1700 2479 nomen
1722 2456 1834 2488 Πζιῖηῃ
1855 2450 2062 2488 appellativum
2083 2460 2150 2480 esee

1278 2492 1383 2525 potest,
1404 2492 1437 2516 ut
1456 2487 1494 2516 sit
1513 2488 1579 2517 rixa
1601 2488 1646 2517 vel
1672 2489 1833 2518 contentio:
1864 2489 1931 2526 quia
1961 2493 2060 2519 tamen
2087 2499 2150 2519 non

1280 2525 1400 2555 dubium
1426 2530 1472 2554 est
1497 2527 1569 2563 quin
1595 2527 1631 2555 ad
1660 2527 1810 2556 historiam
1839 2527 1975 2565 respiciat
2002 2527 2151 2565 propheta
