2396 3041
347 345 404 374 155

345 427 512 459 mua·-
530 429 617 456 tuam.
650 425 1209 465 27-Hcoymsoentquodmmmm

345 464 808 504 bamquodtalslmufooefis.

421 542 467 572 21.
493 540 544 581 (1⁴2
563 543 594 570 tu
613 540 715 570 lehem
733 541 854 570 Domine
877 540 939 580 mi.)
978 540 1002 569 A
1022 540 1209 577 querimoniis

345 585 375 610 et
390 580 519 610 hostium
535 579 728 609 detestatione
747 579 854 609 transit
869 578 906 608 sd
922 587 1039 617 preces:
1057 579 1116 608 imo
1133 583 1211 616 post—

345 627 431 657 quam
446 617 546 648 Deum
562 617 618 648 sibi
633 617 786 656 proposuit
805 617 999 652 liberatorem,
1017 616 1136 647 videtur
1154 617 1211 647 hac

345 656 495 687 counione
514 665 546 685 se
564 655 602 684 ad
621 655 800 693 precandum
819 655 978 684 animasse:
999 655 1088 684 sicuti
1107 664 1209 684 omnes

346 695 411 733 piac
430 693 632 724 meditationes
654 693 758 731 quibus
784 694 878 723 sancti
903 693 991 723 fidem
1015 701 1101 722 suam
1127 701 1212 722 exer-

345 737 413 764 eeut
431 737 462 762 et
480 731 654 763 confirmant
697 731 735 762 ad
760 731 975 762 invocationem
1000 730 1130 761 nominis
1154 730 1212 761 Dei

347 780 396 801 cos
426 770 592 800 sollicitant.
642 754 799 800 duetorem
830 779 883 800 uec
912 770 1006 799 ullum
1040 769 1212 806 obsequium

346 811 435 839 iactat
463 818 519 846 quo
549 809 723 844 promeritus
750 809 789 838 sit
815 807 957 838 auxilium
981 808 1051 843 Dei,
1081 816 1134 837 neo
1159 817 1212 837 sua

347 846 489 885 dignitate
508 845 627 876 nititur:
647 846 699 876 sed
715 846 836 876 unicum
854 846 910 876 sibi
926 845 1041 884 asylum
1061 846 1164 876 statuit
1179 846 1212 875 in

348 885 406 916 Dei
425 884 587 915 clementia.
626 884 772 923 Opposuit
790 884 909 922 quidem
933 884 1066 914 hostibus
1084 884 1146 913 suis
1164 883 1211 913 in-

348 923 516 961 tegritatem
537 923 619 952 ouius
639 924 694 952 sibi
714 924 845 952 conscius
866 926 943 952 erat:
970 932 1027 959 quo
1047 923 1142 960 magis
1161 931 1212 959 pa-

348 966 422 991 teret
446 970 546 991 eorum
573 960 724 999 iniquitas,
751 960 802 991 sed
826 961 861 991 de
886 960 1120 998 compensatione
1145 969 1212 990 cum

347 999 412 1029 Deo
430 1008 491 1029 nou
509 999 585 1038 agit:
610 1000 678 1036 quia
697 999 785 1028 altius
805 999 980 1037 principium
999 1003 1088 1034 tenet,
1113 999 1212 1028 omnia

347 1047 380 1068 se
398 1037 503 1067 debere
523 1039 671 1075 gratuitae
690 1037 747 1067 Dei
767 1038 908 1073 electioni,
927 1041 958 1066 et
975 1037 1012 1066 ab
1031 1046 1066 1066 ea
1085 1037 1212 1074 pendero

347 1085 431 1106 suam
457 1075 591 1106 salutent
633 1075 726 1113 Atqui
751 1077 776 1106 si
821 1075 946 1113 uispiam
973 1074 1089 1113 gloriari
1118 1075 1212 1112 potuit

348 1113 463 1152 propris
484 1114 592 1143 virtuts
616 1118 647 1143 ct
665 1114 791 1149 meritis,
846 1113 913 1144 avid
933 1120 1011 1144 certe
1030 1122 1090 1142 uon
1111 1113 1212 1143 iubat

348 1153 478 1183 ultimus.
507 1151 592 1181 Adde
610 1152 687 1190 quod
705 1152 817 1182 Christi
835 1155 867 1181 et
883 1153 973 1181 totius
991 1152 1130 1182 eeclesiae
1149 1161 1212 1188 per*-

348 1200 452 1220 sonam
470 1189 621 1220 sustinuit.
659 1189 747 1220 Unda
767 1190 898 1227 sequitur
916 1199 1016 1227 preces
1035 1199 1138 1219 omnes
1157 1188 1212 1219 dir-

348 1229 448 1274 fluere,
469 1228 525 1258 nisi
539 1227 639 1274 ἰῃῌοί
653 1228 807 1273 clementia
824 1227 1053 1273 fundatae-sint..
1070 1227 1212 1265 Speeialis

348 1266 600 1342 fifflffiffl?
612 1267 791 1342 „ffl‘qffl‘a’
796 1275 866 1333 13:3¹
870 1267 1212 1342 bZZZplissssompfflssffi

367 1342 487 1381 uidquid
509 1342 610 1372 habuit
629 1343 660 1372 iu
675 1342 803 1373 hominis
823 1349 936 1378 natura,
956 1351 1008 1372 suo
1025 1342 1157 1380 exemplo
1175 1343 1212 1372 ad

348 1352 428 1411 {unc
446 1381 555 1411 fontem
575 1390 629 1410 nos
649 1381 792 1411 deducere
811 1381 911 1411 voluit
943 1381 1034 1411 Nobis
1053 1390 1123 1411 vero
1141 1381 1212 1418 quid

349 1418 494 1458 agendum
520 1423 578 1455 est,
607 1429 731 1456 quorum
758 1420 963 1457 integerrimus
988 1419 1072 1448 fateri
1097 1429 1212 1456 semper

349 1460 471 1496 cogetur
489 1467 521 1487 se
541 1457 642 1487 multis
663 1458 786 1495 peccatis
812 1466 875 1487 esse
894 1459 1066 1487 oneratum?
1097 1462 1209 1486 tantum

350 1495 433 1526 abest
458 1499 493 1525 ut
517 1495 614 1525 Deum
644 1496 698 1526 sibi
726 1495 786 1525 ullo
813 1495 877 1525 iure
906 1495 1075 1526 obstrictum
1104 1500 1209 1525 moena

348 1533 455 1564 Restat
478 1534 569 1572 igitur
594 1534 648 1564 hoc
673 1543 774 1570 unum,
801 1535 869 1571 quia
888 1534 968 1563 Deus
994 1538 1100 1563 natura
1125 1534 1212 1563 bene-

349 1572 425 1602 ficus
446 1577 503 1608 est,
532 1581 673 1610 suamque
702 1573 824 1610 gratiam
850 1573 913 1602 vult
938 1573 968 1601 in
995 1573 1089 1602 salute
1113 1576 1212 1601 noem

351 1610 471 1649 fulgere,
500 1611 569 1648 quia
594 1610 671 1640 bona
696 1615 740 1640 est
769 1610 968 1641 misericordia
997 1610 1072 1645 eius,
1101 1615 1135 1639 ut
1160 1619 1213 1640 uos

352 1652 477 1678 tucatur.
516 1649 594 1686 Ergo
620 1649 733 1686 quoties
760 1648 797 1678 ad
823 1649 919 1678 Deum
945 1648 1116 1684 accedimus,
1142 1648 1213 1678 haee

352 1686 409 1716 duo
439 1686 566 1715 tenenda
593 1690 678 1723 sunt,
708 1696 781 1724 opus
812 1686 927 1724 quidem
957 1696 1020 1716 esse
1049 1687 1214 1716 testimonio

354 1725 446 1754 bonae
470 1724 678 1754 conscientiae:
705 1725 756 1755 sed
775 1725 885 1755 nullam
904 1735 968 1754 esse
986 1724 1150 1763 fingendam
1171 1724 1214 1753 di-

352 1764 496 1800 gnitatem
516 1771 592 1800 quae
610 1762 708 1792 Deum
729 1763 812 1793 uobis
830 1763 1000 1801 obstringat,
1023 1762 1134 1791 nullum
1155 1771 1216 1792 me-

355 1801 446 1830 ritum
477 1801 525 1830 oui
553 1800 658 1830 debeat
687 1801 858 1832 mercedem.
907 1801 983 1830 Nam
1007 1801 1033 1830 si
1058 1801 1090 1829 in
1119 1801 1215 1830 fluxae

353 1838 442 1868 huius
462 1843 491 1868 ot
510 1838 635 1869 caducae
657 1839 733 1869 vitae
755 1839 974 1870 conservatione
998 1847 1105 1869 nomeu
1130 1848 1214 1869 suum

353 1881 384 1906 et
404 1876 560 1906 bonitatem
581 1877 708 1907 illustret
722 1877 813 1912 Deus,
835 1877 883 1906 ubi
900 1877 935 1906 ad
952 1876 1041 1906 vitam
1063 1877 1216 1907 coelestem

353 1918 384 1944 et
403 1919 552 1944 aeternam
573 1916 699 1952 venitur,
730 1921 836 1952 quanto
867 1916 960 1954 magis
990 1924 1102 1945 cessare
1132 1915 1216 1945 debet

354 1953 448 1982 omnis
474 1963 594 1991 operum
621 1953 749 1984 fiducia?
781 1953 815 1983 Si
842 1957 956 1983 tantum
983 1953 1055 1983 mihi
1081 1954 1111 1983 iu
1139 1958 1218 1983 terra

353 1991 447 2020 vitam
474 1996 610 2030 proroget
630 1991 665 2021 ad
687 1991 774 2022 breve
794 1996 917 2030 tempus,
943 1992 1000 2021 hoc
1018 1991 1104 2020 modo
1129 1991 1217 2030 glori-

353 2030 422 2060 ficat
449 2040 553 2059 nomeu
580 2039 680 2065 suum,
708 2040 739 2059 sc
759 2031 868 2059 bonum
895 2035 925 2059 et
948 2030 1028 2059 ultro
1057 2030 1218 2060 beneficum

353 2077 418 2098 esse
436 2068 603 2098 ostendens.
642 2067 743 2104 Quum
763 2077 833 2105 ergo
853 2079 899 2098 me
918 2078 955 2098 ex
976 2068 1131 2105 tyrannide
1157 2067 1218 2098 dia-

354 2105 412 2135 boli
432 2111 564 2144 ereptum
589 2105 710 2143 adoptat
733 2105 810 2135 inter
828 2106 911 2141 filios.
936 2105 1047 2136 Christi
1075 2106 1218 2144 sanguino

354 2143 454 2173 sordes
479 2153 560 2173 meas
586 2147 706 2180 purgat,
736 2149 888 2182 regenerat
915 2144 1020 2181 spiritu
1047 2150 1157 2180 sancto,
1186 2145 1218 2173 in

353 2191 460 2219 eorpus
479 2181 549 2211 Filii
574 2182 620 2211 sui
641 2191 687 2211 me
706 2182 821 2218 inserit,
847 2182 981 2220 perducit
1006 2182 1040 2212 ad
1066 2183 1218 2212 coelestem

355 2219 458 2257 vitem,
486 2223 565 2249 certe
589 2226 698 2257 quanto
722 2219 872 2250 liberalius
900 2221 961 2256 agit
986 2230 1107 2256 mecum,
1136 2226 1218 2250 tanto

354 2258 453 2287 minus
474 2258 516 2287 fas
535 2262 581 2287 est
601 2258 688 2287 unam
708 2264 820 2296 partem
844 2259 937 2288 laudis
964 2258 1034 2287 mihi
1055 2259 1218 2288 vendicare.

356 2296 404 2325 Ex
420 2297 551 2333 opposito
565 2302 660 2326 autem
673 2296 778 2331 David,
796 2307 851 2333 quo
865 2297 920 2326 sibi
936 2297 1061 2326 favorem
1079 2298 1218 2334 acquirat,

354 2333 502 2363 miseriam
523 2336 553 2363 et
573 2339 731 2372 egestatem
750 2344 834 2364 suam
854 2335 965 2373 profert
980 2337 1011 2364 in
1025 2335 1170 2364 medium:
1191 2340 1219 2364 et

355 2373 425 2408 quia
451 2382 509 2401 uon
535 2373 680 2402 sufficeret
706 2377 828 2402 externa
856 2373 988 2407 afflictio,
1018 2373 1073 2402 nisi
1104 2373 1219 2402 sublata

355 2410 435 2440 omni
455 2411 637 2440 contumacia
657 2410 786 2440 deiectus
805 2418 888 2446 esset,
913 2412 1020 2440 iterum
1047 2413 1150 2448 repetit
1170 2421 1219 2440 our

355 2457 442 2478 auum
462 2449 647 2478 vulneratum
675 2458 746 2484 esse,
774 2458 830 2486 quo
860 2458 1013 2478 monemur
1033 2449 1130 2478 Deum
1158 2458 1218 2478 non

356 2487 421 2516 aliis
439 2487 500 2516 fore
519 2487 672 2521 medicum.
696 2487 752 2516 nisi
771 2488 821 2524 qui
841 2497 910 2517 vere
929 2487 1074 2516 humiliati
1095 2487 1130 2516 ad
1151 2497 1218 2517 eum

356 2526 512 2562 suspirant,
532 2533 585 2554 noo
605 2524 809 2562 obstupescunt
829 2526 860 2554 iu
880 2524 940 2554 suis
959 2525 1051 2554 malis.

1087 340 1280 372 PSALMUS
1300 340 1382 372 clx,

2067 337 2124 366 156

1331 424 1377 454 28.
1407 423 1500 463 (Sicut
1527 422 1648 463 mora.)
1695 423 1782 454 Duae
1809 423 1882 453 istae
1913 422 2123 455 similitudines

1255 462 1424 501 aptissimae
1441 466 1529 492 sunt:
1555 470 1589 492 sc
1608 461 1644 491 de
1664 462 1759 498 priore
1779 461 1896 499 quidem
1915 461 2026 499 aliquid
2045 462 2123 494 dixi-

1255 511 1321 531 mus
1341 501 1460 532 Psalmo
1474 501 1538 536 102,
1560 509 1636 530 vers.
1651 500 1695 537 12,
1717 500 1823 536 optime
1843 499 1954 530 scilicet
1974 500 2122 532 hminem

1255 540 1405 576 afflictum,
1430 543 1460 568 et
1499 538 1562 568 uasi
1583 538 1822 584 semiexauimem
1847 539 1975 568 conferri
2002 539 2124 570 umbrae

1256 576 1697 653 ζέΐθὲἒῗωειεᾬέἒῖἒκῖἓ
1711 581 1852 644 3ξῖῗὲἳὲ
1870 576 2124 646 ζέιῗὶῧηῗῖὲ

1257 655 1342 684 tatio:
1366 654 1418 684 sed
1438 653 1487 683 ubi
1506 653 1544 683 ad
1563 662 1697 682 oceasum
1717 653 1818 690 vergit.
1839 653 1957 687 nullum
1983 655 2124 691 praeterit

1257 697 1440 722 momentum
1469 701 1525 730 quo
1554 701 1614 721 uon
1642 691 1749 721 umbra
1781 695 1848 720 ante
1878 692 1977 722 oculos
2009 699 2124 724 nostros

1257 730 1367 761 volitet.
1402 730 1506 760 Altera
1525 729 1717 760 similitudine
1736 733 1855 759 notatur
1872 729 1961 759 etiam
1978 730 2124 762 instabilis

1257 769 1392 805 conditio,
1413 768 1499 801 sicuti
1519 770 1596 798 enim
1617 767 1748 797 locustae
1767 768 1837 797 hino
1855 767 1924 797 inde
1943 769 2063 809 saltant,
2082 770 2124 800 its

1257 808 1447 844 conqueritur
1457 806 1554 836 David
1570 805 1627 836 sibi
1642 807 1798 836 motorium
1813 806 1904 836 fuisse
1917 807 2018 843 vitam,
2034 818 2124 846 quum

1257 845 1382 875 subinde
1407 844 1552 875 instarent
1578 848 1809 882 persequutores,
1839 853 1893 874 nee
1918 844 2010 875 ullum
2031 848 2058 876 ei
2079 856 2125 877 re·

1257 882 2125 960 33³3?2325032323‘22132'2133stiffi?1234,ss

1257 960 1293 990 ab
1309 960 1478 998 aucupibus,
1494 969 1526 990 se
1542 963 1669 989 coactam
1686 959 1776 989 fuisse
1791 958 1927 997 migrare.
1956 960 1994 990 Iu
2009 970 2126 991 summa

1257 1003 1362 1033 autem,
1392 998 1526 1036 deplorat
1550 998 1687 1026 miseram
1706 1007 1790 1026 susm
1809 1003 1925 1032 sortem,
1954 999 2031 1036 quod
2052 1009 2124 1030 nus-

1257 1046 1343 1074 quam
1366 1040 1428 1066 tuta
1447 1037 1485 1066 sit
1505 1037 1608 1066 statio:
1627 1036 1686 1064 imo
1708 1035 1808 1065 nullus
1827 1036 1905 1065 inter
1924 1037 2058 1067 homines
2077 1048 2124 1068 re-

1257 1075 1353 1112 liquus
1368 1075 1408 1105 sit
1422 1074 1511 1105 locus.
1537 1073 1635 1111 Quum
1649 1083 1718 1103 vero
1733 1074 1823 1104 tetius
1838 1075 1978 1105 ecclesiae
1991 1075 2121 1114 effigiem

1257 1113 1288 1142 iu
1307 1112 1362 1143 hoo
1382 1113 1500 1143 Psalmo
1524 1112 1608 1142 nobis
1633 1117 1842 1157 repraesentet,
1868 1122 1906 1142 ue
1930 1113 2071 1144 miremur
2096 1115 2123 1145 si

1258 1161 1317 1220 '2¹2⁰ss
1330 1152 1754 1234 ffisszffissgggnggfflgig‘
1769 1151 1867 1219 32¹3
1875 1160 2006 1220 &3:¹³
2008 1162 2124 1221 1732:

1257 1227 1284 1265 4,
1306 1228 1341 1257 11
1360 1237 1392 1258 se
1412 1232 1440 1258 et
1460 1227 1531 1258 ahos
1553 1232 1636 1258 vocat
1659 1227 1862 1264 ἀπαιτοῦντας,
1891 1227 1968 1265 quod
1994 1228 2124 1267 elogium

1259 1267 1440 1304 aliquatenus
1460 1267 1597 1303 competit
1617 1267 1648 1294 in
1667 1275 1768 1295 omnes
1788 1266 1845 1295 Dei
1864 1266 1948 1296 filios.

1333 1305 1380 1334 24.
1414 1304 1528 1343 (Genua
1560 1303 1640 1341 meo.)
1692 1304 1793 1333 Potest
1824 1305 1880 1333 huc
1914 1305 2006 1342 accipi
2039 1305 2125 1342 qussi

1257 1343 1397 1373 moeroris
1424 1343 1558 1381 signum,
1586 1341 1665 1380 quod
1694 1342 1806 1377 David,
1836 1343 1902 1372 licet
1932 1343 2026 1373 victus
2053 1353 2127 1382 sup·

1257 1385 1383 1418 peteret,
1411 1381 1570 1411 confecerit
1598 1386 1697 1410 tamen
1724 1389 1756 1410 se
1781 1381 1946 1410 voluntaria
1971 1381 2070 1411 inedia
2096 1387 2126 1411 et

1264 1420 1387 1456 ieiunio,
1417 1429 1475 1448 non
1505 1419 1602 1448 miuus
1631 1428 1719 1456 quam
1747 1419 1880 1455 precibus
1909 1428 1941 1448 ss
1969 1419 2124 1450 addixerit.

1264 1459 1366 1488 Potest
1391 1459 1479 1488 etiam
1505 1457 1601 1487 notari
1627 1457 1775 1486 fastidium
1802 1457 1858 1487 eibi
1879 1463 1907 1486 et
1927 1463 2027 1496 potus:
2056 1459 2127 1496 quis

1262 1497 1394 1527 tristibus
1412 1506 1448 1527 ac
1465 1495 1585 1525 moestia
1610 1495 1717 1525 scimus
1741 1495 1867 1534 insipida
1893 1505 1957 1526 esse
1977 1495 2125 1532 alimenta.

1260 1535 1347 1564 sicuti
1367 1535 1430 1564 vita
1448 1535 1512 1572 ipsa
1528 1533 1622 1563 taedio
1643 1538 1702 1562 eet:
1736 1533 1768 1562 Si
1790 1535 1854 1571 quis
1873 1534 1909 1562 ad
1930 1535 2059 1572 inopiam
2078 1544 2125 1565 re-

1260 1573 1337 1602 ferre
1358 1573 1448 1610 malit,
1469 1573 1537 1610 quia
1547 1571 1652 1607 David,
1665 1571 1734 1601 dum
1744 1573 1895 1601 saevitiam
1906 1573 1999 1602 hostis
2010 1574 2124 1611 fugiens

1260 1621 1293 1641 se
1312 1611 1392 1641 abdit
1411 1612 1440 1641 in
1462 1619 1602 1641 cavernas
1621 1610 1759 1646 ferarum,
1781 1610 1902 1640 multam
1923 1612 2076 1650 penuriam
2095 1617 2126 1642 et

1260 1650 1385 1679 esuriem
1431 1658 1515 1679 assus
1535 1652 1594 1678 est:
1624 1649 1738 1678 fruatur
1763 1649 1811 1677 ille
1838 1658 1891 1678 suo
1914 1658 2010 1679 sensu.
2049 1650 2125 1680 mhi

1262 1692 1360 1717 tamen
1380 1689 1410 1717 vi
1431 1691 1497 1717 etur
1517 1687 1570 1716 hoc
1590 1687 1674 1724 siguo
1700 1687 1907 1724 gravissimum
1934 1687 2047 1717 luctum
2073 1697 2128 1717 no-

1262 1731 1335 1756 tare:
1362 1726 1430 1764 quia
1449 1730 1572 1755 mortem
1592 1730 1660 1755 autc
1678 1725 1775 1755 oculos
1795 1734 1916 1755 cernens
1943 1726 2128 1756 abhorruerit

1262 1774 1280 1794 a
1298 1764 1360 1793 cibo
1380 1770 1410 1794 et
1428 1768 1509 1802 potu.
1549 1764 1660 1793 Eodem
1686 1767 1798 1800 spectet
1827 1764 1904 1800 quod
1930 1765 2060 1801 proxime
2081 1772 2127 1794 se-

1262 1803 1373 1840 quitur,
1391 1811 1501 1832 curnem
1521 1802 1668 1831 exarui-m
1687 1812 1706 1831 a
1722 1802 1910 1838 pinqueaine:
1928 1802 1999 1839 quia
2006 1803 2129 1840 spiritus

1264 1840 1357 1870 tristis
1376 1842 1502 1870 exsiccat
1521 1849 1594 1874 ossa.
1615 1840 1754 1869 Proverb.
1773 1840 1816 1875 17,
1833 1840 1880 1870 22.
1913 1840 2129 1878 Pingueclincm

1263 1878 1397 1908 nonnulli
1427 1884 1577 1916 exponunt
1601 1877 1638 1907 de
1664 1878 1800 1907 lautitiis:
1831 1878 1916 1916 quasi
1944 1879 2068 1914 diceret,
2098 1889 2130 1910 se

1264 1917 1344 1946 omni
1364 1917 1530 1946 delicatiore
1549 1917 1628 1946 victu
1655 1917 1743 1945 fuisse
1765 1916 1922 1953 privatum.
1962 1917 2131 1954 Simplicior

1266 1959 1364 1984 tomen
1383 1965 1486 1985 sensus
1505 1958 1562 1990 est,
1586 1955 1708 1984 maciem
1729 1955 1909 1984 contraxisse
1928 1965 1965 1984 ex
1981 1956 2082 1985 dolore
2100 1959 2130 1984 et

1264 1993 1376 2029 inedia,
1407 1993 1476 2031 quia
1495 2001 1597 2022 succus
1617 1992 1761 2022 deficeret.
1800 1992 1898 2031 Auget
1923 1993 2130 2032 indignitatem

1265 2031 1323 2060 alia
1341 2031 1569 2065 circumstantia,
1592 2031 1668 2068 quod
1688 2030 1809 2060 ludibrio
1827 2032 1865 2060 sit
1883 2031 2018 2068 omnibus,
2043 2032 2129 2062 sicuti

1266 2069 1355 2098 etiam
1373 2073 1548 2106 conquestus
1568 2074 1613 2098 est
1631 2069 1749 2098 Psalmo
1767 2069 1814 2104 22,
1835 2070 1861 2098 7.
1895 2070 1992 2099 Triste
2010 2079 2082 2100 vero
2100 2076 2131 2100 et

1266 2107 1399 2137 acerbum
1419 2112 1464 2137 est
1482 2107 1552 2137 filiis
1571 2107 1643 2143 Dei,
1672 2106 1912 2143 maledictionem.
1940 2117 2027 2146 quam
2048 2108 2131 2138 Deus

1266 2146 1338 2184 legis
1357 2155 1427 2175 suae
1442 2145 1708 2183 transgressoribus
1725 2145 1884 2182 denuntiat,
1905 2147 2014 2176 sentire
2030 2146 2059 2176 in
2075 2156 2131 2177 sun

1264 2185 1360 2221 capita
1389 2185 1528 2214 converti.
1579 2184 1659 2213 Dicit
1688 2184 1766 2212 enim
1796 2183 1846 2212 lex
1873 2185 2129 2222 contemptoribus,

1265 2223 1332 2252 Eris
1352 2223 1383 2251 iu
1402 2222 1588 2260 opprobrium
1608 2227 1638 2252 et
1657 2222 1873 2252 concussionem
1894 2223 2009 2260 capitis,
2037 2223 2130 2253 Dent.

1264 2260 1366 2296 28‚37.
1397 2259 1494 2298 Atque
1513 2260 1570 2290 hoc
1588 2269 1695 2298 genere
1717 2259 1884 2290 tentationis
1903 2260 2053 2306 impetitus
2072 2261 2130 2291 fuit

1265 2299 1376 2328 David:
1398 2309 1451 2328 nec
1471 2303 1586 2327 tautum
1608 2308 1638 2327 se
1658 2308 1711 2335 pro
1731 2298 1868 2327 damnato
1888 2299 2019 2328 habitum
2038 2299 2131 2329 fuisse

1266 2337 1344 2372 dicit,
1366 2337 1417 2365 sed
1437 2337 1525 2366 etiam
1545 2336 1711 2374 petulanter
1729 2336 1866 2372 derisum,
1895 2346 1953 2366 uon
1973 2339 2037 2367 sine
2057 2338 2129 2368 obli·

1264 2384 1323 2412 qua
1343 2374 1399 2404 Dei
1426 2375 1668 2405 subsannatione:
1699 2374 1786 2405 sicuti
1811 2374 1932 2404 solenne
1957 2380 2002 2406 est
2020 2376 2131 2414 impiis,

1266 2413 1335 2442 dum
1360 2416 1515 2450 praetextu
1540 2414 1728 2442 afflictionum
1756 2417 1920 2442 nostrarum
1945 2414 2050 2444 oristas
2075 2415 2131 2444 cri·

1264 2455 1346 2489 gunt,
1372 2450 1458 2480 fidem
1486 2451 1572 2480 simul
1596 2456 1725 2480 nostram
1752 2455 1782 2479 et
1805 2451 1943 2488 pietatem
1967 2453 2128 2483 incessere:

1266 2490 1332 2527 quia
1351 2488 1433 2519 Deus
1453 2489 1567 2519 miseris
1586 2499 1643 2519 non
1665 2490 1814 2519 succurrit.

1341 2528 1387 2556 26.
1419 2526 1546 2565 (Adiuva
1578 2528 1642 2566 me.)
1691 2528 1891 2558 Precationem
1923 2537 2007 2558 susm
2042 2528 2130 2559 iterat
