2396 3041
367 351 424 382 503

366 437 428 468 Ubi
446 443 544 467 autem
566 435 714 473 pollicitus
733 440 779 465 est
794 435 876 464 Deus
895 444 927 464 se
948 433 1025 464 votis
1044 434 1152 464 nostris
1171 433 1234 464 fore

389 475 537 514 ropitium,
566 474 693 504 vicissim
713 483 731 503 a
752 473 835 503 nobis
860 472 1070 517 gratitudinem
1097 472 1232 517 postulat.

366 485 462 544 goi-ro
482 512 531 543 ubi
551 511 687 542 audimus
712 511 927 541 invocationem
954 519 1036 548 quasi
1061 519 1171 548 primas
1190 515 1234 540 te-

366 561 438 582 nere
462 552 494 580 in
520 551 578 580 Dei
605 551 698 584 cultu.
728 551 754 579 si
779 550 912 586 cupimus
937 554 1069 578 nostram
1096 549 1234 585 pietatem

367 599 438 620 vero
453 589 657 627 experimento
674 587 783 623 testari,
799 587 877 618 huno
889 587 951 617 Deo
965 586 1105 617 honorem
1120 596 1234 617 summo

367 627 464 658 studio
484 628 631 666 integrum
653 631 682 656 et
698 625 844 656 illibatum
861 625 974 655 deferre
989 625 1135 654 convenit.
1166 624 1234 660 Quo

367 666 479 696 foedior
503 675 537 696 ac
563 665 658 702 magis
683 663 861 694 detestabilis
887 664 944 693 fuit
971 663 1136 700 corruptela
1161 671 1234 699 quac

367 703 466 734 adhuc
486 703 573 733 hodie
593 707 745 740 grassatur
764 702 794 730 in
815 707 933 739 papatu,
953 700 1073 739 angelon
1092 705 1122 730 et
1141 700 1234 730 homi-

368 752 420 772 nes
450 747 582 772 mortuos
610 743 720 770 temore
748 739 813 770 Deo
842 740 972 769 miseere.
1022 739 1173 768 Excusant
1202 747 1233 768 ee

368 789 508 818 quaerere
536 783 675 818 patronos
709 787 832 816 quorum
865 777 1000 814 precibus
1029 777 1107 814 apud
1138 777 1232 806 Deum

367 819 516 848 inventur.
548 817 608 847 Sed
626 817 722 854 primo
742 816 814 846 satis
834 819 955 851 constat,
975 814 1043 852 quia
1064 824 1122 844 non
1142 824 1232 852 agno-

367 857 462 887 scitur
480 855 617 886 Christus
642 854 794 889 mediator,
811 854 849 898 ‘in
871 853 934 883 eius
960 853 1054 883 locum
1081 853 1232 898 subrogari

366 904 425 963 {¹2¹2
437 891 1234 962 ”affisssstzzfflzfflfsmnssss⁰05⁰2¹11²12211³zf0⁶5⁸530ffi

366 970 468 1001 haberi
494 969 666 1005 discrimen,
692 969 830 1006 quoniam
856 967 935 998 nullo
962 967 1093 997 adhibito
1120 966 1233 997 delectu

365 1007 543 1040 tantundem
570 1017 588 1037 a
612 1007 749 1040 Claudio.
777 1010 919 1043 quantum
946 1015 963 1036 a
983 1006 1047 1035 Deo
1072 1006 1232 1042 postulant:

367 1052 396 1077 et
427 1046 602 1076 dominicam
637 1045 796 1074 orationem
832 1044 869 1074 ad
899 1048 1025 1073 statuam
1056 1043 1234 1073 Gathar-inae

366 1085 487 1122 perinde
508 1083 647 1114 effutiunt
667 1091 701 1112 ac
721 1083 746 1112 si
762 1082 825 1112 Deo
844 1082 1049 1120 supplicarent.
1084 1081 1145 1112 Nec
1165 1090 1234 1112 vero

388 1123 500 1161 apiatas
522 1131 576 1152 sno
600 1120 707 1150 iudicio
733 1123 863 1150 mortuos
890 1119 1050 1150 invocando
1075 1121 1233 1157 quidquam

366 1133 427 1191 Bai
453 1160 555 1190 honori
586 1158 740 1196 derogant,
772 1159 838 1195 quia
865 1158 979 1187 nullum
1007 1162 1145 1188 statuunt
1172 1158 1235 1187 eius

368 1199 477 1229 cultum
505 1198 537 1227 in
578 1196 701 1227 renibus.
742 1195 792 1226 Sin
812 1195 890 1226 enim
916 1195 1084 1226 balbutiunt
1109 1195 1145 1226 de
1166 1195 1234 1226 ado-

366 1238 480 1267 ratione
495 1236 608 1269 latriae,
624 1240 657 1265 nt
669 1234 744 1264 nihil
759 1235 936 1264 invocationi
953 1235 1061 1264 faciant
1076 1235 1234 1264 residuam.

366 1275 461 1312 Atqui
479 1274 507 1304 si
526 1273 615 1311 probe
635 1273 828 1310 expandimus
852 1273 1011 1310 prophetae
1031 1273 1128 1307 verbs,
1154 1272 1234 1302 colli·

365 1323 436 1350 gere
456 1319 622 1350 promptum
644 1312 699 1340 erit
719 1311 874 1348 collapsam
895 1320 957 1340 esse
977 1315 1066 1340 totam
1086 1311 1233 1349 pietatem,

366 1351 423 1382 nisi
449 1352 601 1380 invocetur
626 1349 706 1379 solua
734 1349 824 1378 Deus.
865 1349 963 1386 Siquis
989 1350 1118 1386 papistaa
1143 1354 1234 1386 roget,

366 1398 405 1418 an
430 1389 545 1419 licuerit
571 1388 733 1417 sacrificare
759 1387 926 1416 hominibus
952 1387 1088 1417 mortuis:
1118 1387 1234 1417 fortiter

366 1427 528 1465 negabunt,
555 1430 585 1456 et
605 1435 690 1455 vere:
717 1430 803 1462 etque
828 1424 913 1454 hodie
942 1425 1020 1454 nefas
1047 1435 1112 1455 esse
1131 1435 1234 1454 conee-

365 1466 455 1500 dunt,
485 1463 662 1495 sacrificium
688 1463 793 1493 offerre
813 1463 901 1493 Petro
922 1463 968 1493 vel
989 1463 1095 1499 Panlo,
1123 1463 1191 1500 quia
1217 1473 1235 1493 a

366 1511 427 1534 tam
457 1512 556 1534 crasso
582 1501 735 1540 sacrilegio
765 1502 902 1531 abhorret
933 1502 1094 1531 communis
1122 1511 1234 1531 sensus.

364 1543 459 1579 Atqui
485 1541 567 1571 Deus
593 1541 807 1570 invocationem
836 1541 883 1570 sui
909 1540 1038 1569 nominis
1067 1539 1232 1576 praeferens

366 1580 502 1610 omnibus
527 1579 690 1612 sacrificiis.
717 1588 816 1608 annon
842 1578 938 1616 palam
967 1577 1146 1608 demonstrat
1171 1588 1229 1608 non

365 1627 451 1656 posse
470 1617 579 1655 absque
600 1626 714 1647 summo
735 1616 845 1654 piaculo
869 1616 1002 1646 invocari
1022 1621 1150 1646 mortuos
1177 1616 1228 1646 ho-

363 1656 480 1686 mines?
516 1655 600 1686 Unda
628 1656 772 1692 sequitur,
801 1655 929 1692 papistaa
961 1655 1094 1691 quamvis
1122 1655 1228 1684 millies

365 1705 462 1733 genua
481 1694 600 1724 flectant
620 1703 717 1724 eoram
737 1692 810 1728 Deo,
849 1692 1016 1730 raecipuum
1043 1698 1141 1722 tamen
1166 1693 1228 1730 glo·

364 1733 427 1763 riae
446 1741 517 1762 suae
535 1736 625 1770 capnt
641 1731 667 1760 ei
683 1731 802 1768 eripere.
843 1740 892 1760 um
910 1736 975 1759 vota
991 1739 1045 1760 sua
1061 1731 1098 1760 ad
1113 1735 1230 1760 sanctos

365 1775 550 1800 convertunt.
592 1769 678 1805 Quod
698 1773 796 1798 nutem
817 1778 954 1806 expressa
973 1769 1006 1798 fit
1025 1769 1134 1798 montio
1153 1769 1228 1798 affli-

364 1809 477 1843 ctionis,
498 1819 555 1838 non
597 1817 680 1837 arum
701 1806 794 1836 solatii
814 1807 899 1836 affert
918 1806 1042 1837 infirmis
1061 1816 1095 1837 sc
1109 1806 1228 1844 trepidis

364 1845 523 1876 mentibus.
587 1855 634 1875 am
655 1844 775 1874 simulac
790 1845 908 1883 signum
927 1845 1039 1882 gratiae
1057 1854 1129 1875 suae
1147 1845 1228 1874 Deus

365 1884 512 1920 subducit,
532 1884 644 1920 obrepit
664 1883 804 1912 dubitatio
822 1892 858 1912 an
876 1892 974 1912 curam
995 1884 1142 1920 suscipere
1158 1883 1230 1912 velit

366 1922 470 1952 salutis
487 1927 611 1956 nostrae,
627 1922 687 1951 imo
703 1920 867 1951 diffidentia
881 1931 933 1951 uos
945 1921 1092 1951 sollicitat.
1119 1920 1230 1951 Contra

365 1970 436 1990 vero
452 1960 534 1990 Deus
554 1959 640 1989 rebus
660 1959 790 1989 adversis
810 1959 892 1996 quasi
911 1959 1039 1988 stimulis
1059 1969 1110 1989 nos
1125 1959 1229 1997 pungit

366 1999 404 2028 ad
430 2008 461 2028 se
489 1997 685 2036 quaerendum
715 2002 744 2026 et
772 1997 974 2027 invocandum.
1021 1997 1086 2027 Hoc
1115 2007 1229 2034 quoque

368 2036 523 2074 diligenter
550 2036 709 2065 notandum
738 2039 797 2070 est,
826 2040 896 2065 tunc
926 2044 1025 2073 preces
1051 2040 1165 2064 nostras
1193 2035 1229 2064 ad

366 2074 499 2113 regulam
523 2074 613 2113 probe
639 2073 739 2103 orandi
767 2074 898 2107 formeri,
928 2073 975 2103 ubi
1002 2083 1056 2104 nos
1075 2078 1228 2112 praecepto

365 2122 420 2143 suc
439 2112 544 2143 invitat
559 2113 649 2146 Deus,
669 2115 699 2141 et
714 2111 812 2141 addita
831 2112 1021 2149 promissione
1040 2112 1075 2141 ad
1092 2112 1228 2142 fiduciam

366 2150 542 2188 impetrandi
571 2150 691 2179 animat.
742 2149 827 2186 Quod
854 2150 950 2180 locum
980 2149 1059 2178 hunc
1088 2150 1123 2179 de
1154 2152 1228 2180 votis

366 2189 524 2219 reddendis
543 2188 676 2227 papistae
695 2187 731 2218 ad
751 2187 897 2225 quaelibet
917 2191 984 2218 rota
1004 2188 1134 2223 trabunt.
1164 2189 1228 2226 qui-

366 2227 420 2257 bus
436 2231 545 2256 temere
561 2233 592 2256 et
606 2227 667 2256 sins
689 2225 801 2255 delectu
821 2227 995 2263 permittunt
1015 2227 1070 2256 sibi
1086 2236 1152 2256 oum
1165 2227 1228 2256 Deo

365 2264 478 2300 ludere,
502 2265 590 2294 nimis
609 2264 762 2301 pueriliter
780 2264 939 2301 ineptiunt.
979 2264 1101 2294 Certum
1122 2269 1173 2300 est,
1198 2268 1230 2293 ut

365 2313 461 2341 nuper
480 2303 617 2336 diximus.
645 2302 680 2331 de
700 2301 813 2332 solenni
840 2303 1000 2339 gratiarum
1027 2303 1139 2332 actione
1165 2303 1228 2341 agi:

365 2342 423 2379 ipsi
443 2347 541 2371 autem
561 2341 638 2371 votis
663 2341 724 2370 suis
749 2348 815 2369 cum
837 2341 900 2370 Deo
926 2341 1114 2377 paciscuntur
1139 2341 1175 2370 ad
1197 2351 1229 2370 se

364 2378 560 2409 redimendos.
591 2377 705 2408 Deinde
720 2378 751 2406 in
769 2379 842 2407 votis
859 2378 1063 2416 nuncupandis
1082 2378 1155 2408 adso
1171 2389 1229 2408 non

365 2423 471 2447 curant
510 2417 559 2446 uid
578 2417 642 2446 Deo
662 2416 810 2454 probetur,
838 2422 870 2445 ut
892 2426 998 2446 vovere
1017 2427 1076 2447 non
1097 2417 1230 2446 dubitent

363 2464 441 2492 quae
461 2427 555 2493 palam
575 2459 739 2492 repugnent
758 2455 821 2484 eius
843 2455 936 2484 verbo.

1136 349 1327 381 PSALMUS
1347 350 1383 380 L.

2084 351 2144 382 504

1357 434 1400 463 16.
1421 434 1514 471 Impia
1532 437 1624 464 aulem
1642 435 1716 464 dizit
1735 434 1822 470 Deus,
1847 435 1921 470 Quid
1935 434 1985 464 tibi·
2002 435 2040 463 ad
2059 444 2143 464 enar·

1278 473 1401 503 randum
1425 475 1530 503 statuta
1554 483 1624 510 mea,
1650 476 1682 503 ut
1699 482 1798 504 sumas
1820 473 1918 511 foedus
1943 482 2033 503 meum
2057 482 2144 510 super

1279 510 1363 540 labiis
1377 511 1456 540 tuis?
1481 511 1524 540 17.
1539 510 1579 541 Et
1594 513 1625 540 tu
1639 511 1723 541 odisti
1737 511 1938 547 correctionem,
1957 512 1981 540 et
1994 510 2144 548 proiecisti

1278 549 1358 578 verba
1378 558 1440 578 mea
1455 551 1518 585 post
1537 551 1569 578 te.
1610 549 1654 578 18.
1678 549 1711 578 Si
1729 550 1826 579 uideas
1843 551 1944 587 furem,
1964 558 2060 579 curres
2078 558 2143 578 cum

1277 596 1316 620 eo.
1336 589 1361 617 et
1379 595 1441 618 cum
1460 587 1595 617 aduneris
1609 588 1702 624 portio
1720 589 1778 617 tua.
1819 587 1863 617 19.
1886 587 1924 618 0⁸
1942 590 2021 617 tuum
2039 587 2144 618 emittis

1278 625 1317 654 ad
1335 625 1450 660 malum,
1476 627 1500 654 d
1519 625 1620 663 linqua
1644 629 1694 654 tua
1718 626 1799 656 nectit
1820 625 1921 656 dolum.
1960 626 2006 656 20.
2027 625 2144 656 Sedebis

1278 665 1372 692 coram
1398 663 1519 700 fratrem
1546 661 1640 701 tuum',
1670 664 1792 701 loqueris
1815 666 1910 694 eontra
1937 665 2013 701 filios
2039 665 2143 694 „sarie

1278 702 1350 737 tuae,
1369 703 1472 730 statues
1486 701 1632 739 probrum.

1356 778 1401 806 16.
1428 778 1535 815 (Impia
1562 779 1676 815 autem.)
1722 779 1808 808 Nune
1834 779 1964 816 apertius
1990 778 2144 808 invehitur

1278 815 1307 844 in
1331 815 1442 845 fucatos
1461 815 1519 844 Dei
1545 817 1684 851 cultores,
1711 826 1833 853 quornm
1862 821 1923 845 tota
1950 817 2051 854 religio
2076 821 2145 845 erat

1278 853 1474 884 caeremonias
1494 854 1617 884 obiicere
1636 853 1711 891 Deo,
1738 864 1770 884 ac
1790 854 1815 884 si
1836 854 1947 884 fumum
1969 854 2059 884 oeulis
2078 855 2144 884 eius

1278 892 1497 930 adspergerent,
1517 896 1551 921 ut
1565 893 1674 922 scimus
1691 893 1833 922 mundum
1849 893 1973 922 libenter
1989 891 2044 922 suh
2060 892 2146 922 taleis

1278 931 1391 960 umbris
1409 930 1585 959 delitescere.
1614 930 1672 960 Hic
1688 939 1757 968 ergo
1777 932 1948 968 pronuntiat
1961 931 2051 967 Deus,
2068 929 2146 959 nihil

1280 967 1357 1006 apud
1383 977 1416 998 se
1441 969 1579 1006 proficere
1606 969 1656 1006 qui
1681 969 1795 1007 impuro
1822 969 1902 998 cordi
1928 973 1957 998 et
1984 968 2146 999 sceleratae

1280 1007 1358 1036 vitae
1378 1007 1576 1036 uei-smoniae
1592 1007 1763 1036 obtendunt.
1794 1007 1877 1037 Haec
1893 1007 2047 1044 sententia,
2068 1015 2146 1044 qnae

1280 1045 1369 1082 recipi
1391 1044 1529 1074 debuerat
1547 1045 1696 1074 communi
1714 1046 1845 1074 omnium
1863 1055 2014 1080 consensu,
2041 1054 2145 1082 aeger—

1280 1083 1353 1112 rime
1369 1089 1399 1112 et
1414 1081 1501 1112 valde
1520 1083 1631 1120 iniquis
1651 1083 1769 1113 auribus
1790 1083 1865 1121 apud
1881 1083 2006 1113 Iudaeos
2025 1091 2092 1113 acce
2113 1086 2147 1112 tn

1280 1121 1342 1151 fuit.
1374 1121 1440 1151 Uno
1460 1121 1576 1158 quidem
1597 1121 1683 1151 verbo
1702 1121 1830 1151 fatentur
1848 1131 1958 1157 omnes,
1980 1121 2070 1159 pollui
2136 1121 2144 1127 '

1280 1159 1392 1188 cultum
1418 1159 1474 1188 nisi
1501 1159 1613 1188 sineere
1633 1167 1661 1188 et
1682 1169 1718 1188 ex
1738 1160 1834 1188 animo
1861 1159 1987 1189 colatur:
2013 1159 2147 1197 profanis

1280 1197 1369 1227 etiam
1389 1197 1481 1235 poetis
1499 1201 1617 1227 extorta
1635 1197 1692 1227 fnit
1710 1197 1781 1227 baec
1800 1197 1957 1228 confessio:
1985 1203 2014 1227 et
2033 1197 2146 1228 scimus

1280 1235 1419 1265 scelestos
1439 1246 1456 1265 a
1476 1235 1626 1265 sacrificiis
1644 1241 1674 1265 et
1695 1236 1870 1273 templorum
1891 1236 2026 1274 ingressu
2053 1235 2147 1265 fuisse

1280 1273 1454 1311 prohibitos.
1492 1274 1611 1302 Interim
1635 1273 1711 1311 quod
1732 1275 1861 1303 omnium
1881 1274 2015 1304 cordibus
2034 1273 2146 1303 inscul-

1281 1315 1365 1349 ptum
1392 1316 1471 1347 erat,
1505 1312 1627 1341 suffocat
1657 1312 1836 1350 hypocrisis,
1870 1312 1996 1350 adeoque
2025 1310 2147 1350 penitus

1280 1349 1424 1384 obliterat,
1443 1354 1477 1379 ut
1494 1349 1620 1379 audeant
1635 1350 1825 1387 impurissimi
1840 1350 1946 1388 quique
1962 1360 1994 1381 se
2010 1350 2147 1388 ingerere

1280 1387 1312 1417 in
1332 1392 1518 1425 conspectum
1537 1387 1610 1422 Dei.
1636 1388 1719 1425 quasi
1745 1388 1856 1418 frivolis
1884 1389 1969 1426 nugis
1994 1397 2063 1418 eum
2088 1387 2147 1419 sibi

1282 1426 1448 1455 devinctum
1476 1430 1619 1455 tenerent.
1657 1425 1704 1455 Ita
1725 1436 1761 1455 ue
1788 1436 1847 1456 non
1871 1427 1935 1456 sine
1959 1435 2074 1456 summa
2092 1435 2148 1455 ne·

1282 1464 1415 1494 cessitate
1433 1464 1517 1494 toties
1533 1463 1692 1494 doctrinam
1734 1475 1790 1495 ano
1804 1465 1952 1494 inculcant
1967 1464 2147 1502 prophetae:

1282 1512 1339 1539 quo
1358 1502 1451 1540 magis
1471 1502 1604 1532 laborant
1623 1502 1704 1540 impii
1724 1502 1756 1532 in
1776 1502 1940 1533 simulanda
1966 1503 2082 1541 pietate,
2108 1511 2148 1532 eo

1303 1541 1401 1571 ravius
1430 1540 1487 1569 sibi
1515 1549 1661 1570 accersere
1695 1541 1833 1570 iudicium
1871 1541 1977 1570 talibus
2012 1540 2147 1570 fallaciis.

1299 1588 1346 1608 mo
1367 1584 1512 1616 utcunque
1533 1578 1638 1608 clamet
1658 1579 1779 1616 spiritus
1798 1579 1855 1609 Dei
1875 1578 2060 1617 saerilegium
2080 1586 2148 1609 esee

1282 1617 1408 1646 nominis
1426 1616 1483 1645 Dei
1503 1617 1635 1651 abusum.
1654 1617 1718 1646 sine
1738 1627 1809 1646 vera
1829 1617 1888 1647 fide
1907 1621 1936 1646 et
1955 1616 2148 1655 poenitentia,

1282 1659 1433 1684 externum
1455 1655 1570 1691 pietatis
1590 1655 1715 1692 speeiem
1743 1656 1904 1690 ostendere,
1931 1655 2059 1693 Papintis
2084 1654 2149 1684 dia-

1282 1693 1391 1723 bolicus
1407 1693 1455 1723 hic
1471 1703 1551 1722 error
1568 1694 1664 1722 excuti
1681 1704 1738 1722 non
1756 1698 1857 1730 potest,
1877 1694 2010 1723 sufficere
2026 1691 2148 1723 finalem

1282 1731 1474 1760 intentionem
1496 1730 1539 1769 (ut
1560 1731 1730 1770 loquuntur)
1752 1738 1784 1760 ut
1803 1731 1945 1761 evanidas
1966 1739 2060 1770 nugae
2078 1730 2148 1761 Deo

1282 1770 1423 1806 placeant.
1453 1770 1599 1798 Fateatur
1619 1769 1734 1806 quidem
1751 1780 1808 1799 non
1826 1771 1930 1799 mereri
1948 1769 1984 1798 de
2000 1769 2149 1806 condigno

1281 1808 1339 1837 nisi
1358 1807 1408 1844 qui
1428 1813 1497 1837 eunt
1517 1807 1547 1836 iu
1569 1812 1647 1837 statu
1666 1808 1793 1845 gratiae:
1819 1808 1871 1838 sed
1898 1808 1969 1838 haec
1993 1806 2148 1845 persuasio

1282 1845 1359 1882 apud
1380 1855 1428 1875 ecs
1448 1845 1576 1880 obtinet,
1602 1845 1700 1875 valere
1727 1845 1763 1875 ad
1789 1846 2039 1884 praeparationem
2064 1845 2149 1874 nuda.

1282 1884 1399 1920 pietatis
1422 1885 1572 1919 exercitia,
1601 1885 1733 1920 quamvis
1759 1885 1834 1914 absit
1859 1883 1953 1914 cordis
1979 1884 2148 1922 integritas.

1281 1922 1328 1952 Ita
1348 1922 1373 1951 ei
1392 1922 1552 1952 ,monachus
1572 1921 1608 1951 ab
1627 1923 1741 1959 impuro
1760 1922 1832 1952 lecto
1852 1933 1986 1960 surgam,
2005 1932 2037 1952 os
2055 1930 2149 1951 suum

1282 1959 1426 1999 pollutum
1446 1965 1474 1988 et
1490 1959 1630 1990 foetidum
1647 1960 1784 1990 obtrudat
1798 1961 1871 1995 Deo,
1893 1966 1922 1990 et
1937 1959 2063 1999 psalmos
2077 1958 2147 1988 sine

1282 1998 1342 2028 ullo
1357 1997 1449 2028 cordis
1464 1999 1568 2028 affectu
1585 1999 1731 2028 cantiliet:
1750 1999 1775 2028 ai
1789 1999 1852 2036 quis
1868 1999 1912 2028 vel
1929 2003 2077 2032 scortator,
2093 1997 2148 2026 vel

1282 2037 1424 2074 periurus,
1453 2037 1497 2065 vel
1519 2037 1627 2074 rapinis
1649 2036 1770 2073 deditus,
1796 2037 1900 2072 missis,
1927 2036 2037 2066 votivis
2059 2045 2148 2073 pero-

1282 2074 1503 2113 grinaffionibus,
1531 2080 1561 2104 et
1579 2074 1724 2104 similibus
1749 2085 1789 2104 nu
1811 2075 1835 2104 's
1859 2074 1970 2105 seelera
1989 2083 2043 2104 sua
2066 2073 2148 2104 redi-

1282 2118 1358 2142 mat:
1389 2113 1494 2142 nolunt
1523 2113 1638 2142 irritum
1668 2121 1731 2142 esse
1761 2113 1788 2142 la
1809 2122 1898 2143 orem.
1944 2113 1992 2143 Ex
2020 2111 2149 2142 adverso

1284 2155 1380 2180 autem
1407 2150 1544 2180 reclamat
1564 2151 1652 2186 Deus¹
1681 2161 1740 2180 non
1765 2151 1850 2180 modo
1877 2161 1995 2189 operam
2021 2149 2149 2188 perdere

1282 2189 1332 2226 qui
1358 2193 1481 2218 externa
1506 2189 1622 2227 pietatis
1643 2189 1729 2227 signa
1747 2199 1765 2218 a
1783 2190 1840 2218 fide
1861 2195 1889 2218 et
1909 2190 2023 2219 sincero
2048 2187 2149 2218 cordis

1283 2227 1388 2257 affectu
1414 2227 1602 2265 disiungunt,
1631 2227 1681 2257 sed
1706 2227 1850 2265 sacrilegii
1878 2236 1942 2258 reos
1968 2236 2044 2262 esse,
2095 2227 2149 2256 uia

1282 2265 1399 2294 nomine
1425 2275 1478 2294 suo
1499 2275 1648 2303 perperam
1668 2265 1838 2295 abutuntur.
1878 2268 1975 2303 Atque
2000 2265 2054 2294 hoc
2090 2273 2148 2294 oco

1284 2304 1378 2333 tritam
1396 2303 1584 2334 obiectionem
1601 2303 1686 2333 diluit
1702 2304 1843 2341 propheta
1859 2309 1888 2333 et
1905 2305 2018 2339 refutat,
2042 2302 2148 2340 Quid?

1282 2351 1382 2371 annon
1408 2341 1506 2379 aliquo
1529 2341 1633 2371 saltem
1660 2341 1724 2372 lcco
1750 2342 1886 2372 admittet
1904 2341 1987 2372 Deus
2012 2350 2085 2379 quae
2113 2341 2149 2370 in

1282 2381 1343 2409 eius
1364 2380 1503 2409 bonorem
1523 2381 1596 2408 finnt
1611 2379 1772 2410 sacrificia?
1793 2380 1932 2410 Ostendit
1946 2381 2024 2410 enim
2039 2380 2148 2409 merito

1282 2419 1337 2447 hoc
1357 2417 1415 2447 iliis
1435 2418 1465 2447 in
1486 2417 1596 2447 crimen
1615 2419 1763 2456 imputari:
1786 2419 1854 2456 quie.
1869 2419 1932 2448 Deo
1952 2418 2148 2453 mentiuntur.

1282 2462 1424 2494 quantum
1442 2456 1472 2486 in
1492 2465 1522 2485 se
1542 2461 1595 2492 cet,
1619 2465 1791 2494 sacrumque
1810 2457 1872 2486 eius
1893 2466 1997 2487 nomen
2023 2455 2149 2494 indigne

1284 2495 1444 2531 profanant.
1485 2494 1649 2530 Improbum
1676 2496 1754 2524 enim
1774 2504 1871 2525 eorum
1893 2495 2043 2526 audaciam
2061 2503 2149 2525 coar-

1283 2533 1348 2570 guit
1371 2533 1417 2561 his
1439 2531 1544 2568 verbis,
1574 2533 1648 2570 Quid
1673 2533 1724 2562 tibi
1741 2535 1773 2562 ut
1791 2535 1896 2564 aarum
1921 2543 1981 2564 mea
2005 2533 2148 2564 enarre-3?
