2396 3041
143 238 186 269 'm
868 235 1059 267 PSALMUS
1080 235 1148 266 LII.
1518 256 1524 263 .
1841 237 1902 268 528

208 323 234 352 7.
260 321 372 360 (Βίωνι
399 321 479 351 Deus
502 320 600 357 pei-dee
626 319 673 359 te.)
721 319 838 350 Clarius
863 320 990 350 ostendit

143 361 207 400 [nod
227 369 320 398 nuper
339 359 444 398 attigi,
466 367 497 389 se
517 359 550 388 iu
564 357 642 388 buno
662 358 752 388 finem
766 358 915 396 exagitare
934 359 990 388 cri·

143 409 198 430 nen
217 398 309 436 Dosa,
325 407 383 436 que
402 397 510 427 maiore
528 395 635 426 fidncia
654 397 849 434 propinquum
869 396 895 426 ei
915 396 990 426 iudi-

143 438 206 468 tium
226 437 391 466 denuntiet:
411 444 506 473 neque
524 434 555 464 id
575 439 633 464 tam
654 434 733 464 illius
752 434 879 464 terrendi
893 444 990 470 causa,

143 485 218 514 [uam
249 475 285 504 sd
316 483 396 511 spem
424 483 510 504 susm
539 471 714 510 erigendam.
763 472 883 510 Colligit
911 481 990 511 ergo,

143 513 266 552 [usmvis
293 512 329 542 ad
354 517 469 550 tempus
499 515 592 541 cesset
616 510 713 547 Deus,
748 519 809 540 non
834 519 990 548 passurum

144 561 245 589 emper
269 555 305 580 ut
334 555 391 580 tam
422 550 563 579 scelerata
591 549 714 586 proditio
742 549 836 578 inulte
865 554 989 579 mancat.

143 590 208 627 Quia
235 595 336 618 antem
364 587 437 618 nibil
467 587 562 625 magis
591 587 784 625 praefractum
813 591 858 616 est
882 587 988 625 impiis.

143 627 268 666 [umdiu
287 635 425 664 prospers
445 625 562 660 babent,
587 630 617 655 et
635 625 703 662 quis
719 633 749 654 se
765 630 849 654 extra
865 625 990 654 telorum

143 671 238 697 aetum
257 665 470 700 imaginantur.
496 664 658 700 despiciunt
678 672 711 692 ao
728 663 910 692 subsannant
928 673 989 692 om-

143 705 181 734 nis
196 704 254 733 Dei
270 702 395 732 iudicia:
414 702 477 740 pios
495 702 584 730 etiam
605 706 696 730 terret
714 700 829 730 illorum
849 701 988 738 potentis,

143 748 160 772 ιι
179 741 249 771 dnm
267 741 361 771 firmis
379 740 482 779 opibus
509 740 636 770 munitos
660 739 778 773 vident.
804 739 865 769 fere
890 740 990 768 exani·

143 784 258 810 uantur.
296 779 434 808 Pluribus
453 779 551 807 verbis
571 778 692 807 eandem
719 778 893 806 seutentiam
920 787 990 807 cou-

143 819 229 848 irmat
242 817 394 855 prophete,
411 821 443 845 ut
478 815 535 844 uod
551 815 669 846 difficile
685 819 730 844 est
744 815 865 851 creditu,
885 815 990 844 melius

143 857 187 886 sibi
224 855 405 894 persuadeat.
486 862 519 883 ac
553 862 624 892 ergo
658 853 810 883 verborum
845 854 990 890 congeris,

143 893 238 925 ?erdct
258 899 286 923 ts
306 893 396 928 Deus,
416 893 555 926 destruet,
574 891 690 926 evellet.
715 891 886 928 eradicabit,
906 892 990 921 tollet

143 943 147 962 ι
167 932 281 969 medio,
299 930 432 968 serperbi
452 930 578 960 hominis
597 929 746 959 meuritni
765 930 910 958 insultans
928 929 990 958 Da-

143 971 198 1007 rid,
218 970 350 999 animum
369 977 455 998 suum
475 967 512 998 ad
532 967 605 998 bene
624 967 799 1005 sperandum
818 967 940 1005 attollit,
961 972 991 997 et

143 1008 322 1039 imiditatem
339 1007 478 1044 castigat:
498 1007 581 1044 quasi
600 1006 718 1041 diceret,
737 1005 906 1042 Quamlibet
923 1015 991 1042 pro-

143 1047 238 1077 undas
265 1045 377 1075 mdioss
403 1045 496 1082 egerit
520 1044 617 1082 Dceg,
648 1053 682 1073 sc
707 1043 838 1072 validum
864 1045 903 1072 sit
929 1044 990 1072 eius

143 1085 231 1122 ebur,
255 1085 354 1114 Deum
379 1083 415 1112 ad
445 1082 509 1112 eins
537 1082 719 1112 evulsionem
746 1082 817 1111 satis
845 1091 991 1121 superque

143 1126 281 1153 mtsntsm
298 1121 368 1151 fors.
407 1121 518 1150 Eodem
537 1121 664 1157 pertinet
682 1120 760 1158 quod
779 1120 849 1150 dicit
868 1130 886 1150 u
901 1121 988 1150 tater-

143 1161 229 1191 nmio
257 1162 282 1190 et
303 1161 379 1189 terra
401 1160 543 1194 vivorum,
592 1159 707 1188 namvis
733 1162 796 1187 tuto
822 1158 990 1188 niduleutur

143 1196 990 1272 iffa?*ffltssfftttffi'5ffl01fizss'ssztffiff‘⁵23³.ss

143 1278 272 1314 nerpetua
292 1275 368 1303 vitae
392 1273 575 1310 possessione
600 1273 774 1310 glorientur,
800 1257 914 1307 subito,
942 1272 990 1300 nbi

143 1320 278 1343 naturum
307 1312 420 1341 venerit
447 1312 508 1341 irae
527 1310 584 1340 Dei
614 1317 744 1349 tempus,
772 1310 913 1340 deiectum
943 1311 989 1340 iri.

143 1352 306 1388 Quanquam
326 1350 388 1380 fieri
407 1354 518 1387 potest,
546 1353 580 1378 ut
599 1349 628 1378 in
649 1357 719 1379 voce
747 1349 924 1379 tabernaculi
950 1350 990 1378 al-

143 1389 234 1420 nserit
253 1387 290 1418 ad
309 1397 462 1426 personam
483 1387 580 1424 Doeg:
607 1387 674 1425 quia
694 1387 825 1416 solebant
844 1388 873 1416 in
894 1387 989 1416 taber-

143 1427 246 1459 naculis
263 1426 396 1456 habitare
415 1430 553 1463 pastores.

208 1465 235 1495 8.
253 1463 307 1503 (Et
323 1463 453 1494 videtum
471 1464 540 1494 iudi
559 1465 584 1493 d
597 1463 749 1503 tenutam.)
779 1465 808 1494 A
823 1464 881 1492 fine
899 1463 990 1493 otiam

143 1506 361 1542 irgumentatur‚
379 1502 444 1531 fieri
462 1511 519 1530 non
538 1511 623 1538 posse
642 1507 676 1530 ut
699 1511 787 1539 quam
808 1502 927 1530 meritus
947 1506 991 1530 est

143 1551 255 1572 iconam
274 1541 395 1578 effug-ist
414 1540 514 1576 Dosg:
540 1541 608 1576 quia
628 1540 738 1570 scilicet
758 1540 822 1569 ideo
843 1548 897 1569 sua
916 1539 991 1568 iudi—

143 1581 177 1610 iia
206 1584 322 1609 exercet
350 1577 448 1616 Deus,
483 1582 518 1607 ut
546 1578 685 1608 maiorem
713 1577 767 1608 sibi
797 1577 990 1608 reverentiam

143 1617 212 1656 ipud
232 1616 331 1647 fideles
350 1615 498 1651 conciliet¹
524 1620 612 1653 atque
632 1625 682 1646 eos
701 1616 845 1646 exhilaret
863 1616 991 1645 iustitiae

143 1666 203 1686 luae
233 1655 420 1685 documentis.
459 1654 524 1684 Etsi
553 1654 633 1683 enim
661 1655 791 1692 reprobis
819 1663 933 1690 quoque
963 1657 991 1683 et

143 1694 192 1724 Dei
211 1691 459 1731 contemptoribus
477 1691 633 1730 spectabile
648 1691 778 1722 futurum
794 1697 856 1722 erat
870 1692 990 1721 exitium

143 1733 233 1770 Dosa.
259 1731 332 1761 duas
350 1734 450 1760 tamen
470 1731 507 1760 ob
532 1739 633 1760 causas
653 1730 837 1768 peculiariter
863 1730 926 1759 eius
947 1730 991 1758 in-

143 1772 241 1800 auitum
261 1769 298 1798 ad
323 1769 399 1798 solos
425 1770 516 1798 iustos
541 1768 699 1806 restringit.
737 1769 813 1797 Nam
840 1769 870 1797 in
897 1767 991 1797 mani-

143 1809 218 1838 :'estis
236 1816 350 1846 quoque
368 1806 426 1837 Dei
450 1806 585 1844 operibus
610 1806 778 1837 caecutiunt
803 1805 931 1844 reprobi,
959 1812 991 1835 ut

143 1847 242 1876 uirum
260 1854 320 1875 non
339 1845 377 1875 sit
395 1845 428 1874 in
446 1845 509 1875 eius
524 1844 637 1874 iudiciis
653 1844 727 1873 nihil
743 1845 893 1881 proficere:
914 1844 991 1872 ideo-

143 1894 192 1922 que
209 1884 315 1914 merito
332 1884 423 1913 iustos
443 1883 557 1913 visuros
575 1883 646 1912 dicit
666 1883 776 1918 David,
799 1883 867 1919 quis.
886 1883 991 1912 oculati

143 1929 213 1953 sunt.
253 1921 372 1952 Accedit
391 1922 482 1952 altera
502 1921 587 1956 ratio,
612 1921 689 1958 quod
709 1920 789 1951 Deus
813 1922 844 1950 in
870 1929 991 1951 suorum

143 1962 275 2000 gretiam,
303 1965 336 1990 ut
354 1969 439 1998 quam
459 1969 510 1998 pro
531 1958 639 1988 tuenda
657 1967 756 1988 eorum
778 1958 870 1988 salute
888 1958 993 1988 solliei-

143 1999 266 2030 :udinem
286 1999 361 2036 gerit
386 1998 445 2027 illis
464 2001 601 2032 testetur,
631 1997 760 2026 retundit
779 1997 934 2034 impiorum
954 1997 993 2026 fe—

143 2038 243 2105 2223?
252 2058 261 2072 ’
286 2034 993 2111 ’ἱᾙῗιέωηὲἱωᾞὴῗιῖοωὲιὛῖἓὶωυξῖἳᾶ

143 2123 201 2144 rom
239 2113 291 2142 llet
309 2116 414 2149 testes,
443 2111 550 2149 quibus
576 2111 633 2141 tale
657 2112 854 2148 spectaculum
878 2111 993 2148 proprie

143 2153 204 2181 exhi
243 2155 256 2180 t
274 2151 363 2180 Dens.
403 2150 494 2179 Porro
514 2150 614 2178 'I'imor
633 2149 688 2178 hoc
708 2150 769 2178 loco
790 2159 849 2178 nou
866 2149 993 2178 formidi-

143 2199 205 2219 nem
224 2189 383 2227 siguificat.
412 2197 470 2225 quc
489 2197 575 2225 saepe
601 2188 733 2217 homines
756 2192 945 2217 consternant
965 2191 995 2216 et

143 2228 361 2265 expavefaciuut
380 2227 436 2255 Dei
455 2226 612 2256 vindictae:
633 2226 683 2255 scd
705 2235 755 2262 pro
772 2226 847 2254 laets
861 2230 889 2254 ot
906 2225 994 2254 alacri

143 2266 300 2296 reverentis
319 2265 468 2302 accipitur,
488 2264 557 2293 dum
576 2268 738 2302 agnoscunt
754 2263 853 2292 fideles
869 2263 943 2292 tanti
963 2273 993 2292 se

143 2305 201 2333 fieri
215 2312 311 2333 coram
328 2303 400 2341 Deo,
421 2308 453 2331 ut
471 2311 573 2333 causas
592 2311 690 2332 eorum
706 2302 874 2338 suscipiens,
893 2310 993 2330 eorum

143 2342 268 2371 hostibus
291 2351 322 2370 se
350 2345 484 2386 opponat.
523 2341 671 2377 Quamdiu
696 2341 772 2369 enim
799 2339 922 2376 expositi
950 2341 993 2368 iu·

143 2380 220 2408 ¹iuriis
234 2389 291 2408 uon
302 2384 434 2408 sentiunt
450 2379 544 2409 Deum
556 2378 708 2414 vindicem,
726 2378 824 2406 multis
840 2377 995 2406 dubitatio—

143 2417 225 2446 nibus
245 2422 394 2454 aestuaut,
423 2427 456 2447 ac
476 2419 500 2447 si
519 2427 587 2447 eum
607 2426 664 2446 non
685 2417 842 2454 attingeret
861 2424 930 2445 eura
950 2426 995 2445 re-

1036 320 1125 358 gendi
1143 320 1253 351 muudi
1279 321 1488 359 Experimente
1507 325 1604 351 aulem
1624 321 1751 351 iustitias
1771 323 1841 356 eius,
1863 321 1899 350 ad

1036 359 1143 389 serium
1169 358 1286 396 pietatis
1317 359 1446 390 studium
1474 360 1585 397 sopitas
1613 364 1725 390 mentes
1753 360 1901 390 excitant:

1036 402 1122 435 atque
1142 397 1189 426 hie
1211 397 1298 427 timor
1324 398 1429 432 risum,
1455 407 1540 436 quem
1566 406 1635 428 mox
1654 397 1770 428 subiicit
1791 397 1900 435 David,

1036 436 1157 465 minime
1182 435 1318 474 impedit:
1353 437 1421 474 quis
1446 437 1503 466 duo
1529 437 1602 466 haec
1625 446 1642 464 o
1663 437 1734 466 time
1765 437 1841 466 inter
1868 445 1900 466 se

1036 475 1227 504 conveniunt:
1247 478 1280 504 ut
1294 483 1327 504 se
1346 478 1513 504 reverenter
1529 474 1594 504 Deo
1611 483 1648 504 su
1668 475 1768 504 iiciant
1786 473 1900 512 fideles,

1014 537 1015 540 ,
1036 520 1122 549 quem
1147 511 1275 541 iniustae
1300 511 1481 542 crudelitatis
1506 512 1631 542 ultorem
1657 517 1837 550 agnoscunt:
1870 519 1900 542 ct

1034 559 1101 579 eum
1122 551 1253 580 videntes
1273 559 1291 579 a
1309 554 1392 587 perte
1412 560 1465 580 sua
1483 554 1570 584 stare.
1589 551 1800 580 inaestimabile
1825 559 1900 588 gau-

1036 587 1115 618 dium
1141 589 1321 625 concipiant,
1358 589 1428 625 quia
1453 588 1522 618 dum
1549 598 1581 618 se
1606 588 1688 618 uobis
1720 589 1901 626 coniungere

1034 625 1173 663 dignatur
1193 627 1221 655 iu
1241 635 1396 656 commune
1415 626 1538 662 bellum,
1564 627 1636 656 haec
1661 627 1783 656 sociem
1802 627 1900 664 potior

1034 670 1079 694 est
1097 665 1253 701 triumphis
1273 665 1417 694 omnibus.
1453 665 1582 702 Elegans
1601 665 1806 709 parauemasia
1820 673 1900 701 quae

1036 708 1081 731 est
1105 703 1137 730 in
1169 702 1268 731 vorbis
1296 702 1439 732 hebraicis
1472 704 1549 732 iuter
1576 702 1684 732 Videre
1717 707 1747 731 st
1771 702 1901 739 {mmet-e,

1035 740 1125 770 latine
1153 740 1235 770 reddi
1264 749 1323 770 uon
1352 746 1462 779 potest:
1497 750 1554 779 qua
1581 747 1683 770 notare
1713 740 1803 770 voluit
1831 750 1902 779 pro-

1035 779 1138 816 pheta.
1158 779 1299 808 intuitum
1319 779 1355 808 de
1374 788 1431 816 qno
1450 779 1594 816 loquitur,
1619 788 1678 808 non
1697 779 1822 808 otiosum
1842 779 1900 808 sed

1036 817 1179 846 efficacem
1200 816 1268 846 fors.

1111 855 1138 884 9.
1162 853 1246 893 (Eece
1270 854 1336 894 eir.)
1382 855 1492 884 Putant
1515 855 1631 892 quidam
1664 855 1718 885 hoc
1751 854 1902 892 proverbii

1036 893 1098 922 loeo
1118 893 1149 922 in
1176 893 1284 930 vulgus
1309 893 1397 922 fuisse
1423 894 1559 923 iactatum
1586 893 1621 923 de
1647 893 1783 930 superbis
1803 893 1901 931 Docg.

1038 930 1097 960 Sed
1115 930 1170 960 huc
1190 931 1309 960 videtur
1328 932 1414 960 nimis
1434 930 1613 961 restrictum:
1643 931 1740 968 potius
1759 931 1902 960 existimo

1036 969 1258 1036 ffiffissassi?
1273 969 1663 1044 ffiffistpssffigniffii‘„
1677 969 1770 1040 '3¹3³‘
1778 969 1903 1036 1353,ss

1038 1045 1145 1074 fideles.
1194 1045 1269 1074 Nam
1300 1045 1455 1082 impiorum
1488 1045 1640 1074 frustratio
1675 1055 1724 1074 ece
1757 1045 1902 1074 admonet

1037 1083 1180 1120 patienter
1196 1083 1344 1112 ferendam
1360 1093 1424 1112 esse
1440 1083 1611 1121 superbiam,
1629 1092 1702 1121 quae
1717 1092 1770 1113 suo
1784 1083 1902 1121 impetu

1038 1121 1114 1151 ruit:
1143 1121 1246 1151 deinde
1273 1131 1319 1150 eos
1346 1131 1458 1159 quoque
1478 1121 1575 1151 erudit
1594 1121 1631 1150 ad
1649 1121 1836 1158 modestiam,
1859 1131 1902 1150 ne

1038 1160 1125 1188 simili
1145 1160 1274 1188 vanitate
1293 1160 1397 1196 inflati,
1414 1164 1515 1188 contra
1536 1161 1629 1188 Deum
1652 1165 1683 1188 et
1700 1160 1832 1189 homiues
1854 1159 1903 1188 in·

1038 1197 1189 1227 solescsnt.
1243 1198 1366 1227 Risuros
1401 1207 1471 1236 ergo
1505 1198 1604 1227 fideles
1640 1197 1676 1227 de
1710 1197 1902 1242 reproborum

1038 1236 1159 1265 interitu
1175 1236 1280 1265 asserit
1291 1236 1398 1274 David,
1418 1245 1477 1265 nou
1487 1239 1602 1265 tautum
1614 1240 1649 1265 ut
1663 1236 1733 1273 ipsis
1748 1235 1902 1272 insultent,

1038 1273 1088 1302 sed
1114 1279 1146 1302 ut
1171 1283 1202 1302 se
1228 1274 1342 1310 quietos
1367 1274 1535 1303 contineant
1559 1274 1613 1303 sub
1639 1274 1697 1302 Dei
1720 1273 1842 1309 anxilio,
1871 1280 1905 1302 et

1040 1311 1230 1341 valedicentes
1259 1311 1361 1341 mnndi
1386 1312 1528 1342 illecebris
1553 1312 1581 1341 oi
1601 1322 1631 1341 se
1658 1311 1782 1341 libenter
1806 1310 1903 1341 subii·

1036 1349 1123 1379 ciunt.
1145 1349 1266 1386 Quoties
1276 1359 1344 1387 ergo
1355 1350 1437 1380 uobis
1444 1355 1601 1380 occurrunt
1607 1349 1745 1379 eiusmodi
1756 1349 1903 1386 exempla.

1037 1388 1118 1417 Deus
1138 1397 1241 1417 sensus
1260 1394 1389 1424 nostros,
1408 1389 1458 1425 qui
1478 1388 1514 1416 sd
1535 1388 1699 1426 vagandum
1720 1387 1808 1416 nimis
1826 1387 1902 1416 ulio-

1038 1427 1087 1464 qui
1106 1427 1242 1464 propensi
1260 1431 1339 1463 sunt,
1358 1427 1394 1455 ad
1415 1436 1447 1455 se
1467 1427 1599 1463 retrahit,
1619 1432 1652 1455 nt
1668 1435 1719 1455 eos
1734 1425 1813 1455 selus
1831 1434 1903 1463 pos-

1038 1464 1138 1494 sideat.
1175 1464 1268 1493 Porro
1287 1464 1465 1501 adverbium,
1486 1464 1571 1499 Ecce,
1592 1463 1727 1496 δεικτικῶς
1745 1463 1791 1494 hic
1807 1463 1903 1492 sumi-

1038 1509 1101 1538 tur,
1127 1512 1161 1532 ac
1180 1503 1203 1531 si
1224 1502 1254 1531 in
1275 1502 1421 1532 theatrum
1442 1502 1617 1539 produceret
1637 1502 1733 1532 David
1751 1501 1903 1531 infelicem

1038 1541 1161 1576 exitum,
1180 1542 1228 1576 qui
1248 1541 1387 1577 superbos
1407 1541 1464 1569 Dei
1483 1546 1697 1577 contemptores
1715 1545 1830 1569 manet:
1860 1540 1904 1569 si·

1038 1579 1097 1608 cuti
1117 1578 1189 1608 haec
1208 1588 1266 1608 non
1285 1578 1415 1616 vulgaris
1434 1578 1590 1616 prudentis
1610 1584 1663 1614 est,
1682 1588 1718 1607 ex
1734 1587 1791 1607 uno
1807 1576 1903 1608 docu-

1038 1621 1138 1646 mento
1166 1617 1300 1654 colligere
1326 1617 1446 1646 miseros
1475 1625 1538 1646 esse
1567 1626 1681 1650 omnes.
1710 1625 1745 1644 ao
1772 1616 1903 1653 pessimo

1038 1655 1127 1684 exitio
1145 1655 1310 1690 destinatos,
1331 1655 1380 1691 qui
1399 1655 1465 1684 alibi
1487 1664 1572 1691 quam
1589 1655 1620 1683 in
1637 1655 1700 1684 Dec
1717 1663 1796 1691 spem
1811 1663 1902 1684 suam

1038 1693 1228 1723 constituunt.
1277 1692 1433 1723 Caeterum
1464 1692 1640 1722 coniunctim
1676 1692 1800 1730 legenda
1827 1698 1904 1722 suut

1040 1731 1109 1760 haec
1129 1731 1186 1760 duo
1204 1730 1350 1766 membra,
1379 1730 1447 1760 Non
1468 1731 1563 1768 posuit
1582 1731 1676 1760 Deum
1697 1730 1781 1760 robur
1805 1739 1904 1766 suum,

1038 1771 1062 1798 et
1079 1770 1203 1806 speravit
1219 1769 1250 1798 in
1269 1769 1366 1798 mauis
1381 1769 1505 1798 divam:
1533 1770 1602 1805 quis
1626 1769 1771 1806 significat
1790 1769 1902 1804 David,

1038 1817 1187 1844 uunquam
1203 1808 1316 1836 sincere
1331 1806 1464 1836 homiues
1483 1808 1512 1836 iu
1535 1808 1631 1837 Deum
1651 1807 1827 1841 recumbere,
1847 1806 1904 1836 do·

1038 1854 1091 1874 nec
1104 1845 1239 1882 propriae
1258 1845 1371 1881 inopiae
1389 1845 1505 1879 conscii„
1524 1846 1647 1882 seipsos
1667 1854 1784 1883 prorsus
1797 1844 1904 1874 exina-

1040 1884 1129 1912 niant.
1170 1883 1350 1920 Quantispcr
1369 1884 1446 1912 enim
1472 1883 1671 1920 imaginantur
1691 1885 1720 1912 iu
1740 1892 1770 1912 se
1788 1883 1903 1919 aliquid

1039 1921 1172 1955 residere,
1195 1922 1255 1950 fieri
1276 1931 1332 1950 uun
1354 1927 1448 1958 potest
1467 1927 1501 1951 ut
1520 1920 1555 1951 ad
1574 1922 1668 1950 Deum
1688 1919 1902 1951 conscendant:

1039 1960 1081 1988 ita
1100 1959 1154 1988 huc
1175 1967 1344 1996 perpetuum
1366 1966 1424 1993 cst,
1451 1965 1592 1997 quantum
1613 1959 1667 1988 eibi
1688 1966 1826 1997 arrogant
1844 1959 1904 1988 ho·

1040 1998 1141 2034 mines,
1161 1998 1333 2026 tantundem
1354 1997 1417 2026 Dec
1437 1997 1603 2026 detrahere:
1629 2002 1658 2026 et
1677 1999 1724 2034 qui
1745 1998 1808 2027 suis
1824 1997 1906 2027 divi-

1040 2036 1088 2064 tiis
1107 2036 1269 2069 confidunt.
1293 2044 1350 2064 unu
1371 2045 1478 2072 ponere
1499 2035 1595 2064 Deum
1618 2034 1706 2064 robur
1726 2044 1820 2065 suum.
1861 2036 1906 2065 m

1040 2073 1116 2112 quod
1138 2073 1173 2102 de
1189 2082 1247 2102 una
1266 2073 1362 2111 specie
1382 2073 1429 2103 hie
1449 2074 1620 2111 pronuntiat
1638 2073 1754 2110 David,
1780 2073 1816 2103 aad
1835 2082 1904 2103 om-

1041 2122 1091 2142 nes
1107 2111 1285 2141 extenditur:
1307 2113 1417 2148 quotics
1437 2112 1468 2139 in
1485 2113 1595 2141 mundo
1611 2115 1642 2139 ct
1658 2113 1779 2142 terrenis
1795 2112 1905 2148 opibus

1040 2150 1196 2179 subsidunt
1216 2149 1365 2178 hominum
1383 2155 1503 2184 mentes,
1526 2150 1645 2178 totidem
1661 2150 1816 2180 obstaculis
1834 2158 1907 2187 pro·

1040 2188 1135 2217 hiberi
1155 2197 1172 2217 a
1193 2188 1357 2225 quaerendo
1378 2188 1449 2217 Deo.
1489 2187 1602 2217 Nomen
1622 2194 1686 2226 mn
1706 2188 1792 2226 (quod
1813 2188 1906 2218 Mali-

1040 2227 1109 2255 tiam
1130 2227 1219 2255 vortit
1239 2227 1316 2255 bons
1342 2235 1408 2262 pars
1433 2227 1640 2262 interpretum,
1668 2227 1786 2263 qnidam
1812 2227 1905 2256 etiam

1040 2275 1092 2301 pro
1112 2264 1238 2301 pernicie
1257 2265 1350 2292 active
1369 2264 1526 2300 accipiunt)
1546 2264 1663 2292 videtur
1683 2265 1736 2292 hoc
1763 2264 1824 2294 loco

1041 2302 1100 2332 tius
1119 2308 1221 2331 notare
1241 2302 1440 2332 substantiam.
1471 2301 1588 2332 Scimus
1604 2302 1683 2332 enim
1699 2302 1806 2332 Davidi
1827 2302 1905 2332 nibil

1041 2349 1104 2370 esse
1124 2341 1216 2378 magis
1236 2340 1392 2374 familiare.
1412 2349 1497 2376 quam
1518 2349 1579 2369 rem
1599 2349 1689 2370 unam
1708 2345 1838 2378 repetere
1856 2341 1905 2370 di-

1042 2378 1135 2407 versis
1165 2378 1270 2407 verbis.
1319 2378 1398 2415 Ergo
1430 2379 1537 2415 optime
1566 2379 1631 2407 fluit
1661 2379 1708 2408 hic
1738 2384 1904 2412 contextus.

1043 2417 1189 2446 hominem
1211 2417 1259 2454 qui
1280 2416 1389 2446 divitiis
1408 2418 1468 2446 suis
1487 2416 1620 2453 confidit,
1647 2422 1677 2446 et
1696 2417 1850 2447 roboratur
1871 2419 1905 2447 in

2038 345 2254 723 ΛΚΝ
2204 265 2254 292 ι·
