2396 3041
355 344 395 374 23

356 431 406 460 m
425 429 558 460 domris.
599 429 644 459 13.
665 429 715 459 Aa
736 430 936 467 praestandam
955 430 981 459 ei
999 430 1116 466 quietem
1131 439 1150 459 α
1169 429 1227 459 die-

358 469 409 498 lm
428 467 505 504 moli,
524 468 592 497 dum
608 469 736 505 fodiatur
755 468 884 498 auderato
901 469 989 505 fovea.

435 544 480 574 11.
508 543 622 581 <latona
647 543 744 583 novit.)
781 543 899 574 Rursus
925 543 1048 573 insultat
1075 543 1227 573 hominum

357 583 489 620 fallaciis,
503 583 553 620 qni
567 582 637 611 dum
651 581 705 611 eibi
719 583 790 620 ipsis
804 582 926 612 nebulas
936 582 1093 617 obducunt,
1109 590 1227 619 sperant

357 630 389 650 se
409 619 467 650 Dei
493 621 591 650 oculos
616 630 700 657 posse
725 621 783 650 effu
804 630 861 650 ere.
902 621 983 658 Ergo
1008 625 1043 650 ut
1068 621 1123 650 sibi
1143 621 1226 650 inani

355 658 412 689 hoo
441 664 596 697 praetextu
623 657 747 688 blandiri
796 659 920 695 esium,
950 658 1101 695 admonet,
1130 659 1227 688 fumos

355 697 430 727 istos
448 701 597 727 momento
612 697 774 727 discussum
789 697 835 732 iri,
854 697 902 726 ubi
919 698 949 726 in
968 697 1024 726 Dei
1041 701 1225 734 conspectum

358 739 480 765 ventum
503 736 600 764 fuerit.
638 735 726 764 Unde
746 735 886 772 sequitur,
915 745 963 764 eos
984 735 1058 764 nihil
1078 736 1225 772 proficere,

358 773 428 803 dum
457 783 473 803 e
502 773 579 804 coelo
608 773 691 803 Deus
719 773 856 802 vanitatis
885 774 1059 803 condemnat
1087 773 1154 811 quid
1176 773 1224 802 uid

357 815 455 841 astute
480 811 749 841 comminiscuntur.
790 811 867 840 Nam,
893 821 942 841 eos
962 811 999 840 ad
1019 811 1148 841 tribunal
1198 812 1224 840 ei

356 849 482 885 citando,
509 850 633 878 retrahit
658 849 695 878 ad
721 851 854 888 propriae
877 850 1072 879 conscientiae
1093 859 1223 878 examen.

356 887 443 918 Unde
462 888 541 918 enim
560 887 712 925 securitas,
731 888 788 917 nisi
808 887 885 933 quod
905 887 968 918 Dee
986 893 1102 926 tergum
1123 889 1225 918 obver-

357 930 439 956 tunt:
469 925 616 964 sepeliunt
641 935 726 956 omne
755 925 823 955 boni
849 931 877 955 et
906 925 974 955 mali
999 925 1168 960 discrimen,
1195 931 1225 956 et

357 969 498 1002 quantum
518 965 550 994 in
569 973 600 992 se
619 971 673 999 eet,
694 969 808 993 exuunt
826 974 942 993 omnem
965 964 1104 993 sensum?
1146 965 1223 994 Dum

356 1003 400 1032 ita
416 1012 448 1032 se
466 1003 594 1032 inaniter
614 1001 788 1036 demulcent,
810 1002 963 1031 denuntiat
978 1003 1120 1040 propheta
1138 1002 1225 1031 rideri

357 1050 376 1070 a
395 1040 459 1070 Deo
486 1045 543 1070 tam
571 1040 698 1078 pueriles
721 1039 856 1078 ineptias.
895 1040 974 1070 Nota
993 1047 1036 1071 est
1055 1047 1085 1070 et
1104 1041 1225 1071 celebris

357 1080 516 1108 sententia:
535 1079 586 1108 sed
607 1079 756 1108 attendere
776 1087 881 1116 operae
901 1080 1025 1116 pretium
1046 1083 1090 1108 est
1105 1078 1142 1108 ad
1155 1087 1223 1109 con-

358 1117 455 1146 silium
473 1117 641 1154 prophetae,
662 1116 738 1154 qued
755 1117 840 1146 multi
859 1117 1013 1154 neglectim
1029 1122 1225 1154 praetereunt.

359 1165 464 1192 nempe
484 1155 596 1193 impios,
617 1154 687 1184 dum
708 1154 762 1185 sibi
782 1155 908 1185 latebrae
927 1155 1079 1191 fabricant,
1098 1165 1130 1185 se
1149 1157 1227 1193 ipsos

359 1193 506 1231 decipere:
528 1194 596 1231 quia
616 1193 712 1222 Deum
733 1202 787 1223 sua
807 1194 927 1222 vafritie
946 1194 1047 1223 fallere
1067 1200 1225 1230 nequeunt.

359 1231 446 1268 Quod
476 1236 594 1260 vertunt
624 1231 756 1268 quidam,
793 1232 852 1268 ipsi
878 1235 945 1261 sunt
974 1233 1100 1267 vanitas,
1139 1233 1227 1261 nimis

357 1273 487 1300 eoactum
509 1274 562 1299 est.
591 1269 738 1307 Loquutio
755 1270 833 1299 enim
851 1275 895 1299 est
911 1275 970 1299 tam
990 1270 1123 1300 hebraica
1138 1279 1225 1308 quam

357 1316 470 1346 graeca,
489 1316 562 1345 quse
581 1308 623 1337 sie
639 1307 747 1337 resolvi
763 1307 857 1344 debet,
877 1308 959 1338 Deus
975 1309 1059 1338 novit
1073 1308 1225 1338 hominum

412 1346 547 1375 'tationes
566 1355 630 1375 esse
649 1355 747 1375 vanas.

435 1384 480 1414 12.
503 1383 624 1423 (Beatus
648 1383 714 1422 vir.)
758 1383 845 1414 Nune
869 1385 906 1414 ab
931 1384 1132 1422 obiurgatione
1159 1394 1225 1422 pro-

357 1422 446 1460 pheta
466 1422 503 1452 sd
523 1422 749 1452 consolationem
777 1427 836 1452 tem
856 1423 902 1452 sui
922 1431 1010 1461 quam
1031 1423 1143 1459 piorum
1164 1432 1226 1452 om-

356 1461 441 1490 nium
466 1461 582 1496 transit,
608 1461 683 1498 quod
706 1460 788 1490 Deus
813 1461 943 1498 ipsorum
971 1461 1059 1491 saluti
1084 1461 1225 1496 consulet,

358 1498 429 1528 dnm
458 1498 494 1528 ad
524 1502 640 1536 tempus
669 1498 760 1536 affligi
792 1499 871 1528 sinit.
922 1499 1063 1528 Doctrina
1093 1499 1225 1537 apprime

356 1536 440 1567 utilis
459 1537 489 1566 in
510 1541 571 1566 toto
591 1537 671 1566 vitae
696 1546 796 1571 eursu,
826 1537 876 1574 qui
897 1537 926 1567 in
952 1538 1091 1567 continua
1122 1538 1227 1567 militia

358 1575 543 1613 peragendus
573 1575 658 1605 nobis
689 1579 741 1604 est.
791 1575 868 1604 Nam
892 1582 927 1605 ut
952 1575 1036 1605 Deus
1062 1575 1225 1605 infirmitati

358 1618 475 1642 nostrae
493 1622 623 1651 parcens,
649 1612 760 1650 aliquid
781 1614 968 1642 relaxationis
989 1614 1135 1647 concedat.
1162 1614 1226 1643 vult

359 1655 460 1681 temen
489 1661 605 1690 semper
630 1651 730 1680 multis
756 1651 872 1681 iniuriis
895 1661 959 1682 esse
984 1653 1139 1690 expositos.
1186 1653 1227 1682 Et

358 1689 493 1719 videmus
519 1695 629 1727 quanta
655 1690 694 1719 sit
722 1690 879 1727 impiorum
910 1690 1079 1728 petulantia.
1123 1690 1225 1728 Itaque

358 1728 523 1757 miserrima
551 1734 628 1757 esest
657 1729 719 1756 eine
749 1728 804 1756 heo
831 1729 934 1758 solatio
961 1733 1061 1758 nostra
1090 1729 1225 1763 conditio.

359 1767 459 1796 beatos
478 1775 541 1796 esse
580 1775 632 1796 nos
648 1766 726 1795 Deus
747 1774 832 1796 cruce
850 1771 974 1797 exercet.
1004 1767 1062 1797 Ubi
1079 1776 1130 1796 nos
1146 1768 1227 1797 Deus

359 1804 412 1835 sibi
438 1804 469 1834 in
489 1813 527 1842 po
548 1814 564 1833 u
578 1814 626 1834 um
648 1803 772 1842 collegit,
801 1804 918 1834 videtur
936 1814 1105 1843 segregasse
1125 1814 1142 1834 a
1162 1805 1227 1835 reli-

359 1853 416 1880 quo
441 1852 513 1871 mun
535 1852 559 1877 ο,
590 1849 623 1870 ut
647 1843 788 1872 iustitiam
816 1848 845 1872 et
869 1844 1045 1881 aequitatem
1072 1844 1148 1872 inter
1171 1853 1225 1872 nos

359 1879 487 1916 colendo,
516 1880 600 1910 beata
625 1890 696 1918 pace
721 1889 820 1910 omnes
847 1882 986 1911 fruamur.
1026 1882 1117 1918 Atqui
1139 1890 1225 1918 saepe

359 1918 509 1955 continget
520 1923 555 1948 ut
567 1924 722 1956 praetextu
737 1918 912 1949 honorificae
928 1919 1088 1958 potestatis,
1105 1920 1226 1957 tyranni

359 1957 499 1986 scelerate
518 1957 683 1994 opprimant
703 1957 867 1986 ecclesiam:
888 1967 922 1986 ae
941 1958 1009 1987 talis
1029 1958 1086 1987 fuit
1105 1958 1225 1987 tentatio

360 1995 396 2025 de
421 2004 478 2032 qua
504 1994 559 2025 hoc
580 1995 696 2024 Psalmo
715 2000 890 2032 conquestus
911 2002 955 2025 est
975 1996 1133 2034 propheta:
1159 1997 1227 2033 quia

359 2043 418 2063 non
445 2033 516 2063 alios
543 2043 629 2070 quam
655 2032 828 2063 domesticos
854 2033 951 2064 hostes
972 2040 1097 2070 accusat,
1123 2035 1173 2071 qui
1195 2043 1226 2063 se

359 2071 457 2109 populi
478 2071 587 2102 iudices
607 2072 828 2109 profitebantur.
857 2072 917 2101 Hie
934 2073 1025 2102 dictat
1043 2073 1139 2102 curnis
1159 2081 1225 2102 sen-

359 2119 423 2139 sns:
443 2109 477 2139 Si
494 2110 573 2139 Deus
590 2119 642 2138 nos
658 2110 820 2147 respiceret.
841 2119 990 2148 nunquam
1007 2115 1119 2140 tantem
1136 2111 1225 2140 lieen-

358 2147 431 2177 tiam
457 2146 593 2177 daturum
619 2148 769 2186 improbae
795 2148 911 2178 illorum
936 2149 1059 2178 libidini.
1100 2149 1159 2178 Sed
1180 2159 1225 2178 re·

359 2186 465 2216 elamat
494 2195 530 2215 ex
559 2186 692 2224 opposito
722 2186 877 2224 propheta,
908 2187 1025 2217 aliunde
1054 2187 1223 2225 sapiendum

359 2233 421 2253 esse
443 2233 528 2262 quam
549 2234 586 2253 ex
607 2225 724 2262 proprio
744 2225 870 2261 cerebro,
892 2230 922 2255 et
942 2235 1013 2263 opus
1031 2235 1093 2255 esse
1109 2227 1224 2255 coelesti

358 2262 522 2300 prudentia.
549 2261 599 2292 Sic
614 2263 692 2292 enim
709 2263 803 2292 locum
818 2263 895 2293 huno
911 2264 1093 2301 interpretor,
1114 2269 1146 2292 ut
1164 2274 1225 2300 nos,

358 2300 430 2330 dum
450 2305 557 2338 urgent
571 2310 619 2331 res
635 2301 784 2336 adversae,
804 2302 970 2339 tranquillis
986 2302 1091 2332 animis
1106 2308 1223 2336 stemus,

359 2343 389 2368 et
416 2339 561 2376 patienter
588 2344 790 2376 exspectemus
808 2340 864 2368 Dei
884 2341 1034 2374 auxilium.
1064 2350 1120 2369 non
1139 2341 1225 2369 aliter

358 2377 421 2406 fieri
448 2387 535 2415 quam
554 2378 580 2406 ei
599 2377 745 2406 Dominus
771 2387 825 2407 noe
852 2378 883 2406 in
908 2377 1007 2407 soheln
1027 2387 1078 2407 sun
1102 2379 1224 2407 erudiat.

359 2415 482 2444 Fatetur
509 2416 585 2445 enim
612 2416 753 2453 propheta
780 2426 836 2445 non
865 2417 906 2445 ita
933 2416 1104 2445 naturaliter
1123 2426 1225 2453 sapere

360 2453 501 2490 hemines,
520 2458 553 2482 ut
570 2463 621 2490 per
637 2455 789 2483 continuae
804 2455 977 2484 afflictiones
993 2455 1102 2491 pacatis
1120 2455 1225 2483 animis

360 2490 396 2520 ad
412 2497 520 2520 metam
535 2491 722 2526 contendant.
738 2492 790 2520 sed
808 2492 883 2522 hano
901 2493 1072 2529 sapientiam
1082 2492 1225 2521 divinitus

359 2528 416 2558 illis
436 2529 569 2559 conferri.
599 2529 669 2559 Ideo
689 2529 835 2559 exclamat
853 2531 952 2560 beatos
972 2539 1036 2559 esse
1052 2538 1125 2567 quos
1143 2530 1224 2560 Deus

1081 342 1274 374 PSALMUS
1296 342 1408 374 XCIV.

2101 341 2141 372 24

1270 428 1343 466 legis
1361 437 1431 457 suae
1451 428 1599 458 doctrinae
1611 427 1766 457 assuefecit
1782 429 1818 458 ad
1834 429 1928 459 crucis
1943 429 2140 467 tolerantiam,

1271 473 1300 496 et
1320 475 1392 504 quos
1411 467 1499 496 etiam
1514 476 1622 496 arcena
1638 467 1757 504 spiritus
1774 467 1818 496 sui
1834 467 2030 497 consolatione
2045 469 2140 507 fulcit,

1271 514 1310 534 ne
1336 505 1423 534 rebus
1448 504 1578 534 adversis
1601 504 1800 535 succumbant.
1841 504 1916 535 Nem
1945 506 2021 543 qnod
2041 507 2140 544 primo

1272 542 1350 577 dicit.
1367 542 1478 572 Beatus
1492 552 1572 580 quem
1587 546 1618 572 tu
1633 543 1779 580 erudieris,
1800 543 1836 572 ad
1854 544 1977 573 interius
1992 544 2140 575 illumina·

1272 582 1359 610 tionis
1396 581 1505 610 donum
1533 581 1670 610 extende:
1708 581 1757 610 sed
1790 591 1856 611 mox
1886 583 1966 611 addit
1993 583 2140 621 propheta

1271 619 1444 656 sapientiam
1472 619 1556 655 hano,
1583 628 1669 657 quam
1691 619 1772 649 Deus
1798 620 1882 650 nobis
1904 620 1985 650 intus
2003 622 2140 659 inspirat,

1271 657 1358 686 simul
1395 658 1424 686 in
1455 657 1519 695 lege
1548 657 1668 695 proponi
1700 662 1729 686 et
1757 659 1898 696 patefieri.
1949 659 2015 696 Quo
2044 660 2140 698 elogio

1271 695 1455 725 commendat
1478 700 1618 724 externae
1643 697 1791 726 doctrinae
1817 706 1916 726 usum:
1943 698 2028 727 sicuti
2049 699 2140 728 etiam

1271 733 1341 763 elicit
1366 733 1476 763 Paulus
1502 734 1586 763 Rom.
1610 734 1660 768 15.
1683 734 1717 768 4,
1747 734 1856 764 Omnia
1879 736 1988 773 scripta
2012 746 2076 765 esse
2101 736 2140 766 ad

1271 779 1399 801 nostram
1428 771 1602 801 doctrinam:
1628 777 1661 801 ut
1686 781 1738 809 per
1764 773 1934 810 patientiam
1961 779 1991 803 et
2009 775 2142 804 consola—

1271 811 1378 838 tionem
1398 811 1607 846 scripturarum
1627 820 1708 847 apem
1728 810 1894 841 habeamus.
1923 811 1987 841 Iam
2003 812 2142 843 videmus

1269 858 1307 878 ex
1328 857 1383 885 quo
1403 849 1482 878 fonte
1499 848 1660 878 haurienda
1679 849 1717 878 sit
1737 850 1886 887 patientie,
1907 860 2010 888 nempe
2026 861 2063 880 ex
2079 850 2141 880 Dei

1271 886 1411 923 oraculis,
1442 895 1515 924 quae
1536 886 1649 916 dolores
1667 893 1782 916 nostros
1802 888 1962 926 mitigando
1985 889 2142 919 materiam

1271 925 1411 953 fovendae
1438 925 1499 961 spei
1525 925 1720 962 suppeditant.
1765 925 1803 954 In
1829 935 1957 962 summa,
1982 927 2141 957 eonsilium

1271 963 1428 999 prophetae
1445 968 1497 1000 eet,
1517 963 1642 1000 primum
1660 964 1758 992 fideles
1777 964 1886 992 hortari
1902 965 1937 992 ed
1956 965 2140 1001 patientiam,

1271 1009 1308 1030 ne
1328 1001 1382 1030 sub
1401 1010 1487 1030 cruce
1506 1002 1620 1030 animos
1638 1000 1843 1038 despondeant,
1870 1003 1920 1031 sed
1941 1003 1971 1031 in
1993 1004 2090 1040 quiete
2111 1007 2142 1033 et

1271 1039 1386 1067 silentio
1414 1039 1509 1068 Deum
1537 1044 1708 1076 exspectent
1734 1039 1931 1069 liberatorem:
1959 1041 2064 1070 deindo
2090 1050 2141 1072 eo·

1271 1087 1389 1106 monere
1404 1078 1483 1106 unde
1503 1077 1627 1115 petenda
1646 1079 1684 1106 sit
1700 1077 1772 1107 haec
1789 1078 1953 1115 prudentie:
1975 1080 2043 1116 quie.
2059 1080 2141 1109 enim

1271 1125 1337 1145 earo
1358 1125 1410 1144 noe
1430 1115 1545 1144 assidue
1565 1115 1700 1145 sollicitat
1717 1115 1754 1145 ad
1770 1115 2009 1154 desperationem,
2028 1119 2142 1147 centies

1272 1159 1460 1183 evanesceret
1480 1163 1545 1190 spes
1565 1161 1676 1188 nostra,
1702 1154 1758 1183 nisi
1779 1155 1920 1185 divinitus
1939 1155 2043 1190 edocti.
2063 1156 2144 1186 mela

1272 1192 1369 1220 omnia
1396 1192 1537 1221 sciremus
1562 1192 1643 1220 nobis
1663 1201 1779 1222 censura
1798 1193 1829 1222 in
1850 1193 1984 1223 salutem.
2023 1194 2144 1224 Interea

1271 1234 1405 1264 testatur,
1423 1239 1521 1259 veram
1538 1230 1742 1260 consolationis
1759 1231 1909 1260 materiam
1927 1232 2010 1262 nobis
2026 1233 2059 1261 in
2074 1232 2143 1270 lege

1271 1267 1329 1296 Dei
1350 1274 1510 1304 suppetere,
1531 1273 1563 1297 ut
1582 1277 1733 1306 nunquam
1754 1268 1893 1306 desperet,
1916 1269 1961 1299 vel
1977 1270 2142 1308 fiengatnr,

1272 1306 1316 1334 vel
1339 1315 1369 1334 se
1389 1307 1526 1334 miserum
1547 1315 1610 1336 esee
1636 1306 1722 1336 ducat
1741 1308 1871 1345 quisquis
1891 1308 1948 1338 ritae
1966 1308 1996 1337 in
2018 1316 2053 1338 en
2072 1317 2142 1346 pro·

1272 1344 1382 1373 fecerit.
1428 1344 1503 1373 Nam
1535 1344 1588 1374 hac
1615 1350 1683 1373 nota
1713 1355 1797 1374 veros
1823 1346 1893 1375 disci
1916 1346 1980 1375 ulos
2009 1346 2094 1377 Deus
2123 1356 2143 1376 α

1272 1382 1382 1411 fictitiis
1403 1381 1549 1417 discernit,
1571 1383 1595 1412 si
1617 1383 1651 1412 ad
1672 1392 1789 1413 erucem
1806 1384 1885 1414 seren
1907 1394 1953 1414 am
1969 1386 2064 1422 parati
2080 1386 2142 1414 sint

1273 1429 1307 1449 ee
1325 1421 1487 1457 compositi,
1509 1430 1565 1449 non
1586 1422 1759 1459 obstrepent
1774 1431 1828 1452 nee
1845 1423 2068 1459 tumultuentur,
2087 1423 2141 1454 sed

1272 1459 1472 1488 liberationem
1494 1459 1581 1496 quieti
1602 1466 1729 1496 sperent.
1766 1461 1806 1490 Et
1825 1470 1895 1490 sane
1914 1461 1986 1491 haec
2006 1470 2076 1491 vera
2095 1466 2143 1492 est

1272 1496 1430 1534 patientiae
1456 1499 1542 1532 ratio,
1570 1507 1629 1527 non
1660 1500 1866 1528 contumaciter
1892 1499 2027 1528 resistere
2051 1500 2143 1530 rebus

1273 1535 1403 1564 adversis
1423 1535 1519 1574 (sicuti
1538 1537 1728 1573 praefractam
1750 1537 1885 1566 duritiem
1902 1537 1993 1567 Stoici
2012 1546 2066 1575 pro
2080 1539 2144 1568 vir·-

1272 1577 1335 1602 tute
1356 1573 1522 1612 laudarunt)
1542 1575 1592 1603 sed
1610 1584 1661 1604 nos
1677 1575 1803 1604 libenter
1822 1575 1962 1605 subiicere
1978 1575 2051 1611 Deo,
2069 1576 2142 1614 quit

1271 1611 1303 1641 in
1325 1611 1385 1641 eius
1407 1613 1528 1650 gratiam
1550 1613 1753 1642 recumbimus.
1788 1612 1867 1642 Scite
1886 1614 1978 1651 igitur
1996 1615 2142 1652 propheta

1273 1650 1309 1678 ab
1335 1650 1389 1679 hoc
1419 1650 1608 1680 fundamento
1636 1651 1752 1689 incipit:
1782 1657 1814 1681 ut
1841 1652 1953 1682 discant
1979 1652 2080 1682 fideles
2107 1662 2142 1683 se

1272 1688 1337 1718 ideo
1357 1689 1446 1726 affligi
1468 1689 1503 1716 nd
1524 1694 1715 1725 momentum,
1736 1698 1768 1719 ut
1788 1690 1932 1727 perfuncti
1952 1699 2005 1720 sua
2023 1690 2141 1727 militie,

1273 1726 1387 1756 beatam
1414 1727 1540 1764 quietem
1567 1726 1724 1756 obtineant.
1765 1729 1870 1757 Dicere
1895 1733 2010 1766 poterat
2038 1729 2142 1759 beatos

1273 1774 1335 1794 esse
1362 1765 1411 1802 qui
1432 1774 1468 1794 ex
1488 1765 1515 1794 le
1537 1774 1553 1794 e
1573 1765 1629 1794 Dei
1651 1775 1742 1804 aequo
1763 1767 1859 1796 animo
1879 1775 1993 1796 erucem
2016 1767 2142 1797 tolerare

1273 1803 1442 1833 didicerint:
1480 1813 1509 1832 ss
1567 1804 1702 1833 solatium
1739 1804 1838 1841 posuit
1873 1814 1930 1842 quo
1962 1804 2143 1844 mitigantur

1271 1841 1369 1876 enimi,
1391 1846 1423 1870 ut
1441 1851 1472 1870 se
1492 1841 1549 1870 Dei
1569 1841 1688 1871 arbitrio
1709 1843 1820 1880 placido
1839 1843 2021 1873 submittant.
2060 1843 2141 1873 Nam

1271 1885 1305 1909 ut
1333 1880 1398 1917 quis
1428 1880 1458 1909 in
1485 1879 1572 1909 rebus
1601 1880 1733 1910 adversis
1762 1881 1905 1918 lacrymas
1935 1882 2084 1911 contineat
2108 1886 2142 1912 et

1271 1918 1407 1956 gemitus,
1423 1918 1448 1947 si
1462 1918 1570 1955 absque
1585 1918 1645 1948 ulle
1661 1928 1711 1956 spe
1725 1919 1857 1949 fraenum
1870 1919 1989 1954 mordet,
2008 1925 2142 1951 tentum·

1272 1966 1326 1994 qne
1355 1961 1432 1985 tenet
1454 1955 1505 1984 illa
1524 1957 1681 1994 principia,
1711 1967 1763 1986 nos
1782 1968 1847 1988 esse
1866 1958 2011 1993 mortales,
2037 1967 2142 1988 necee-

1271 1994 1351 2024 sitati
1380 1995 1488 2024 frustra
1507 1995 1651 2031 resistere,
1678 1995 1723 2025 vel
1744 2001 1845 2026 eontra
1870 1997 1962 2026 fatum
1990 1997 2054 2033 niti,
2080 1997 2142 2027 fer-

1271 2037 1372 2062 tunam
1391 2043 1455 2063 esse
1472 2042 1601 2063 caecam:
1624 2033 1695 2063 haec
1711 2035 1872 2071 pervicacia
1886 2039 1929 2064 est
1943 2035 2037 2073 magis
2070 2044 2142 2064 nam

1271 2071 1424 2108 patientia:
1462 2071 1531 2109 quia
1566 2072 1683 2100 interim
1717 2072 1841 2102 libenter
1870 2073 2010 2103 adversus
2088 2082 2141 2104 um

1271 2109 1436 2139 calcitraret
1462 2110 1512 2146 qui
1537 2110 1715 2139 fortitudinis
1743 2115 1896 2147 praetextu
1917 2111 1996 2140 mela
2014 2120 2068 2141 sue
2089 2111 2142 2142 de-

1271 2146 1366 2185 spicit.
1407 2147 1453 2177 Ad
1471 2149 1722 2178 mansuetudinem
1743 2158 1814 2178 vero
1834 2150 1896 2178 sola
1916 2149 1986 2178 haec
2006 2150 2143 2180 doctrina

1271 2186 1383 2215 animos
1397 2190 1512 2215 nostros
1526 2186 1645 2224 subiget.
1662 2186 1768 2222 Deum,
1790 2187 1838 2216 ubi
1852 2197 1920 2216 suos
1932 2187 2140 2218 vexationibus

1271 2225 1399 2261 exponit,
1431 2233 1529 2253 eorum
1559 2226 1647 2261 quieti
1676 2226 1717 2254 sie
1743 2226 1902 2255 consulere.
1951 2225 2007 2256 Ubi
2037 2230 2141 2256 autem

1271 2262 1405 2329 refutabit
1424 2263 1497 2292 haec
1519 2264 1674 2300 persuasio,
1693 2264 1820 2301 quietem
1841 2263 1937 2301 parari
1958 2263 2094 2294 fidelibus
2110 2270 2142 2294 et

1271 2310 1301 2330 re
1316 2300 1455 2338 rigerium
1476 2301 1544 2330 dum
1564 2301 1595 2329 in
1617 2307 1699 2330 aestu
1715 2302 1900 2332 miseriarum
1916 2308 2081 2337 versentur,
2101 2310 2142 2333 ne

1271 2348 1335 2368 cnm
1365 2339 1474 2368 mundo
1499 2343 1627 2375 pereant,
1655 2341 1725 2368 satis
1749 2349 1896 2378 superque
1915 2341 1952 2370 ed
1971 2341 2140 2370 leniendum

1270 2377 1431 2414 quamlibet
1458 2376 1563 2406 doloris
1590 2378 1776 2406 acerbitatem
1803 2379 1919 2408 valebit.
1962 2378 2028 2408 Hoc
2051 2378 2141 2408 modo

1269 2415 1330 2444 dies
1357 2415 1446 2445 malos
1471 2415 1519 2444 vel
1538 2415 1608 2444 mali
1628 2415 1804 2454 intelligeret
1823 2417 1966 2455 propheta
1985 2422 2140 2447 aeternum

1271 2454 1431 2488 interitum.
1458 2455 1508 2491 qui
1535 2455 1672 2490 reprobos
1699 2463 1798 2484 omnes
1823 2460 1924 2485 menet
1949 2455 1999 2485 ubi
2021 2455 2081 2485 iuis
2100 2456 2139 2486 ad

1271 2496 1389 2529 tempus
1410 2492 1492 2520 Deus
1511 2493 1679 2529 pepercerit.
1717 2493 1843 2522 Possunt
1862 2494 1950 2522 etiem
1970 2495 2012 2523 sie
2032 2495 2140 2532 exponi

1273 2529 1430 2568 prophetae
1447 2531 1549 2559 verba:
1570 2530 1679 2560 Beatus
1700 2531 1749 2568 qui
1769 2531 1847 2560 inter
1866 2531 2038 2561 afflictiones
2059 2533 2140 2570 quie·
