2396 3041
363 337 420 366 639

363 424 478 450 nostros
493 429 560 449 esse
578 419 730 457 gratuitos,
751 424 782 448 et
801 429 857 457 quo
876 421 970 458 magis
989 419 1106 450 difficile
1123 423 1170 450 est
1184 419 1220 448 ad

363 458 439 488 hano
456 457 683 487 moderationem
703 466 877 492 assumens,
897 467 931 486 eo
950 458 1043 496 magis
1063 458 1134 487 eniti
1153 467 1220 486 eon·

363 496 452 526 venit.
491 495 544 525 Ine
565 499 597 526 ta
614 499 713 525 autem
732 505 833 526 eorum
852 495 1002 531 mollities,
1022 495 1125 533 quibus
1145 495 1218 525 into·

363 533 480 564 lerabile
500 534 530 563 vi
551 538 624 568 etur.
644 534 741 571 inique
761 534 860 571 affligi.
880 535 951 564 scite
971 534 1113 563 refellitur
1131 534 1220 563 nobili

362 572 412 602 ino
432 571 561 602 Socratis
581 581 724 609 responso.
757 572 831 601 Nam
853 581 942 609 quum
961 581 1038 601 uxor
1055 572 1086 601 in
1106 581 1221 602 caruere

362 609 586 645 lamentaretur,
615 619 681 639 eum
712 610 810 648 inique
840 609 1006 640 damnamus
1036 619 1113 647 esse,
1143 609 1219 646 Quid

363 657 448 686 ergo,
467 649 576 685 inquit.
596 657 634 677 an
653 651 804 678 nocentem
824 649 918 684 perire
947 648 1066 678 malles?
1097 648 1222 678 Subiieit

363 687 450 716 otiam
470 686 577 722 David,
597 697 628 715 se
646 696 703 715 non
721 686 808 714 modo
826 686 942 715 iniuriis
962 686 1052 716 fuisse
1073 687 1221 721 afflictum,

363 725 413 754 sed
434 725 539 762 probra
564 724 654 754 etiam
678 729 707 753 et
731 724 918 754 contumelias
944 724 1115 762 pertulisse,
1145 733 1179 754 sn
1196 725 1221 752 si

363 763 524 792 multorum
543 762 685 792 scelernm
715 763 866 792 eonvietns
891 763 977 798 foret,
1006 763 1082 800 quod
1112 763 1221 791 homini

363 800 1086 876 ῗέᾒῗὲηῗὲωὲῗὲιὲἓῖὲωῖῗὲῗὲιῗὲοῗέῑέξὲἶῗ
1104 811 1168 876 '331‘
1169 804 1222 868 “iii

1078 861 1086 874 Υ

363 877 514 907 ferendam
532 877 681 905 infamiam
701 885 785 914 pares
804 885 864 905 non
884 881 979 906 erunt.
1017 877 1098 906 Dicit
1123 880 1221 906 autem

363 915 459 944 David
479 924 537 944 non
555 913 641 944 medo
662 923 730 943 suae
744 914 876 943 fortunas
892 915 981 944 fuisse
997 925 1015 943 a
1029 914 1223 952 praedonibus

363 958 476 991 raptas.
502 951 553 983 md
578 961 610 982 se
634 953 730 982 instar
753 952 827 982 furis
851 957 880 982 et
904 953 1030 990 raptoris
1055 952 1223 983 mutilatum

363 999 435 1022 esse.
475 991 516 1020 Et
534 985 614 1033 certe
632 999 722 1028 quum
741 991 837 1028 ipsum
857 991 1016 1028 spoliarent
1036 991 1150 1026 hostes,
1178 991 1223 1019 iu-

363 1030 441 1059 dioes
461 1039 493 1058 se
512 1028 639 1057 hominis
657 1029 790 1057 seelerati
810 1038 872 1058 esse
891 1028 1052 1058 iactabant:
1073 1033 1103 1058 et
1117 1029 1225 1058 scimus

363 1067 521 1097 honorifice
541 1076 592 1104 pre
611 1066 753 1096 iudicibus
773 1066 862 1096 fuisse
881 1067 1004 1097 habitos.
1043 1067 1142 1103 Quare
1170 1067 1226 1096 dis-

363 1113 462 1135 camus
481 1105 536 1134 hoe
555 1113 639 1134 exem
660 1105 697 1139 lo.
717 1113 774 1134 naon
796 1105 879 1134 modo
899 1105 934 1134 ad
954 1105 1143 1139 incommoda,
1162 1114 1225 1134 mo-

363 1143 471 1177 lestias.
493 1147 615 1172 mortem
653 1143 755 1180 eniqne
765 1142 877 1180 placide
886 1142 1037 1172 ferendam
1048 1153 1104 1172 nos
1113 1151 1225 1181 parare,

365 1181 416 1211 sed
436 1181 522 1210 etiam
543 1181 578 1210 ad
598 1181 772 1218 ignominias
792 1186 821 1211 et
836 1182 950 1219 probra,
970 1182 994 1210 si
1011 1181 1125 1219 quando
1145 1181 1227 1211 falsis

365 1219 521 1250 calumniis
549 1219 667 1256 gravari
697 1228 749 1249 nos
779 1220 937 1257 contingat.
975 1219 1041 1248 Imo
1070 1228 1159 1256 quum
1189 1227 1227 1248 ne

366 1258 502 1287 Christus
519 1257 582 1294 ipse
601 1256 733 1294 quidem,
759 1257 824 1286 fons
844 1258 938 1286 omnis
963 1257 1091 1286 iustitiae
1110 1260 1141 1286 et
1159 1266 1227 1286 san-

365 1296 488 1332 ctitatis,
509 1305 527 1325 a
545 1294 624 1324 falsis
644 1295 796 1325 calumniis
816 1296 954 1325 immunis
974 1295 1075 1332 fuerit,
1101 1305 1154 1325 cnr
1173 1305 1226 1325 nos

365 1333 548 1363 exanimaret
566 1332 669 1362 similis
689 1332 822 1368 conditio,
842 1332 956 1370 quando
972 1333 1026 1362 hoo
1043 1343 1143 1363 verum
1161 1343 1227 1370 pro-

366 1371 464 1401 bitatis
484 1375 528 1400 est
547 1380 684 1407 examen,
714 1375 879 1400 constanter
899 1381 1016 1400 manere
1041 1371 1073 1400 in
1098 1372 1227 1401 iustitiae

366 1409 503 1439 colendae
521 1409 637 1438 studio?
667 1409 802 1446 quamvis
820 1413 880 1439 tam
907 1410 1039 1446 iniquum
1065 1411 1227 1447 praemium

367 1458 385 1478 a
404 1447 516 1478 mundo
534 1452 722 1485 reportemus.

443 1486 470 1514 6.
491 1485 583 1524 (Deus
602 1487 632 1514 tu
651 1486 722 1515 nosti
741 1486 934 1522 insipientiam
953 1485 1063 1525 mam.)
1103 1486 1227 1514 Frustra

366 1523 478 1554 laborat
497 1523 680 1560 Augustinus
699 1523 840 1560 quomodo
857 1524 888 1552 in
908 1523 1058 1553 Christum
1079 1523 1133 1553 hoc
1148 1533 1227 1553 cnm-

367 1566 467 1601 petere
494 1561 637 1600 potnerit:
669 1566 698 1591 et
726 1561 845 1591 tandem
870 1561 903 1591 in
929 1561 1060 1592 membra
1088 1561 1227 1592 nansfert

367 1601 445 1639 quod
464 1599 500 1629 de
519 1600 614 1638 capite
632 1609 691 1630 non
710 1599 813 1630 fuisset
827 1600 942 1637 proprie
961 1599 1081 1629 dietum.
1111 1600 1227 1629 Ironiea

367 1641 446 1668 euim
470 1638 602 1674 loquutio
628 1642 688 1673 est,
721 1647 778 1674 qua
802 1637 916 1673 David,
940 1638 1049 1674 iniquis
1076 1638 1227 1668 hominum

367 1676 480 1707 iudiciis
500 1685 642 1713 opressus,
661 1685 693 1706 se
712 1676 748 1706 ad
770 1676 865 1706 Deum
885 1676 1011 1710 confert.
1031 1685 1155 1714 sumque
1172 1677 1227 1706 im·

369 1715 463 1753 plorat
483 1713 633 1745 vindioem.
674 1714 738 1744 Hoc
757 1723 828 1742 vero
847 1715 940 1751 magis
959 1714 1155 1751 emphatioum
1176 1719 1228 1749 est,

369 1762 456 1790 quam
476 1752 501 1781 si
520 1752 615 1788 palam
637 1756 664 1781 et
683 1753 746 1781 sine
766 1753 860 1789 figura
880 1752 1016 1788 dixisset,
1046 1758 1145 1782 notam
1165 1761 1228 1782 esse

369 1800 452 1820 suam
471 1790 667 1828 integritatem
688 1789 765 1819 Deo:
781 1790 851 1826 quia
870 1789 926 1820 hoo
943 1790 1029 1820 modo
1045 1790 1145 1820 hostes
1159 1800 1228 1820 suos

369 1828 541 1859 mordaciter
608 1827 756 1865 retringit,
785 1833 815 1856 et
842 1828 924 1865 quasi
954 1838 990 1856 ex
1019 1828 1079 1858 alto
1107 1828 1228 1866 despicit

369 1875 470 1897 corum
490 1866 548 1895 mal
586 1866 658 1895 ista:
678 1865 918 1902 quemadmodum
939 1872 969 1895 et
983 1867 1122 1896 Ieremias
1138 1867 1228 1903 loqui·-

371 1910 427 1940 tur,
446 1913 480 1934 oa
502 1925 509 1933 .
527 1903 575 1938 20.
596 1904 627 1933 7:
658 1903 804 1942 Decepisti
822 1914 870 1934 tue
888 1904 1022 1939 Domine,
1043 1910 1072 1934 et
1091 1904 1228 1942 deceptus

370 1952 443 1972 sum.
481 1914 543 1978 1{Qui
562 1942 649 1971 etiam
676 1942 755 1971 locus
779 1942 920 1972 violenter
944 1951 963 1971 a
986 1943 1155 1980 quibusdam
1181 1943 1228 1972 in-

371 1981 463 2011 doctis
477 1980 642 2016 exponitur.
658 1980 740 2017 quasi
755 1990 786 2009 se
803 1980 952 2018 deceptum
967 1981 1056 2010 fnisse
1072 1985 1228 2010 assereret:

369 2028 461 2057 quum
489 2018 583 2056 potius
611 2017 706 2048 odiose
736 2028 803 2048 suos
831 2018 1054 2048 calumniatores
1084 2019 1228 2056 exagitet:

370 2057 437 2095 quia
461 2056 532 2085 dum
558 2056 653 2094 ipsum
680 2056 858 2094 improbant,
885 2057 1082 2087 contumeliosi
1109 2057 1170 2085 sint
1195 2066 1228 2087 ac

371 2094 531 2131 blasphemi
559 2095 589 2123 in
619 2095 714 2123 Deum
744 2097 847 2132 ipsum.
886 2095 938 2124 Sic
967 2095 1054 2124 etiam
1083 2095 1138 2124 hoe
1168 2095 1228 2124 loco

370 2132 484 2167 David,
508 2141 545 2162 ne
563 2134 708 2170 perversis
735 2133 886 2162 hominum
913 2132 1025 2162 iudiciis
1052 2132 1227 2167 succumbat.

370 2171 468 2201 Deum
492 2170 595 2200 statuit
623 2179 727 2200 causae
754 2179 823 2200 suas
853 2170 991 2201 iudicem:
1020 2175 1048 2200 ez
1077 2171 1146 2208 quia
1173 2171 1228 2200 sibi

371 2210 445 2239 bene
459 2210 589 2239 conscius
604 2214 656 2246 est,
677 2218 728 2246 pro
746 2209 836 2237 nihilo
853 2209 931 2238 ducit
946 2209 1061 2245 iniquae
1077 2209 1228 2238 huminum

370 2248 539 2277 sententias.
577 2247 665 2276 Esset
683 2246 801 2284 quidem
819 2246 991 2284 optandum,
1012 2252 1043 2276 nt
1063 2247 1228 2277 hominibus

370 2295 485 2323 qnoque
510 2285 632 2323 probata
657 2290 734 2314 esset
759 2289 858 2314 nostra
882 2284 1048 2324 integritas:
1079 2294 1173 2323 neque
1198 2285 1228 2315 id

370 2328 430 2354 tam
451 2329 551 2352 nostra
569 2332 663 2358 eausa,
682 2332 767 2359 quam
788 2323 819 2352 in
839 2324 961 2352 fratrum
986 2324 1228 2354 aedificationem:

370 2362 421 2391 sed
440 2361 490 2391 ubi
510 2371 562 2390 nos
582 2361 746 2390 studuimus
765 2360 930 2390 hominibus
954 2361 1091 2399 probare,
1118 2362 1143 2390 ei
1170 2367 1228 2390 tra-

371 2400 446 2430 hant
461 2399 493 2429 in
511 2399 660 2429 sinistram
680 2402 793 2435 partem
817 2407 851 2428 ac
869 2398 1030 2436 depravent
1054 2399 1193 2437 quidquid
1211 2409 1229 2429 a

371 2439 454 2468 nobie
473 2442 550 2467 reete
569 2438 601 2466 fit
623 2446 658 2466 ae
683 2437 803 2471 dicitur,
829 2437 954 2466 tenenda
982 2439 1064 2467 nobie
1088 2442 1132 2467 est
1158 2439 1228 2468 haec

370 2475 603 2514 magnanimitas,
623 2479 657 2503 ut
674 2474 731 2504 Dei
751 2475 836 2504 unius
855 2474 960 2504 iudicio
981 2476 1124 2512 contenti,
1143 2486 1227 2504 mun-

371 2513 439 2543 dum
465 2518 495 2542 et
519 2512 648 2542 diabolos
674 2521 774 2542 omues
799 2521 977 2550 spernamus.
1023 2514 1124 2551 Neque
1149 2514 1228 2544 enim

1081 335 1273 367 PSALMUS
1293 336 1408 366 LXIX.

2069 336 2131 365 640

1265 420 1329 449 fieri
1348 419 1453 456 poterit
1472 420 1543 456 quin
1563 419 1687 449 subinde
1705 419 1841 449 definiant
1861 419 1909 457 qui
1930 420 2018 450 nimis
2034 419 2128 450 bom

1265 458 1358 486 famae
1378 457 1484 486 addicti
1503 462 1597 486 erunt.
1636 457 1737 486 Parati
1756 457 1873 495 quidem
1893 467 1953 486 sem
1975 467 2007 486 er
2035 458 2128 488 simus

1266 495 1301 525 ad
1322 494 1562 525 satisfactionem:
1581 495 1633 525 sed
1652 496 1677 525 si
1696 501 1821 534 negetur
1839 494 1995 531 audientia,
2012 505 2067 534 per
2081 496 2129 526 in-

1266 533 1383 563 famiam
1404 542 1464 562 non
1485 542 1567 563 secus
1586 543 1620 563 ac
1640 543 1692 571 per
1711 534 1814 563 bonam
1835 535 1943 563 famam
1961 542 2130 572 pergamus.

1266 571 1351 600 sicuti
1371 571 1480 600 Paulus
1500 572 1526 600 1.
1547 571 1724 601 Corinthior.
1757 572 1852 610 eapite
1871 572 1905 606 4,
1931 582 2021 601 versu
2046 572 2065 601 5
2091 572 2130 602 ad

1266 609 1321 639 Dei
1332 609 1471 639 iudicium
1482 609 1624 648 intrepide
1635 617 1778 648 provoost,
1797 611 1847 648 qui
1858 609 1998 640 revelabit
2006 611 2129 641 abscon·

1266 647 1327 677 dita
1345 647 1541 677 tenebrarum.

1342 723 1370 754 7.
1391 723 1436 754 Ne
1449 723 1608 754 mamam
1623 725 1654 754 iu
1668 732 1712 754 me
1726 725 1776 761 qui
1791 726 1816 754 te
1831 725 1986 760 exspectant
1998 723 2132 758 Domine.

1267 762 1570 792 Idumaeas-mm:
1599 763 1972 799 mpudefiantinmqui
1991 765 2134 799 quamn

1267 803 1299 835 le,
1320 799 1400 830 Deus
1419 799 1527 829 Israel.-
1564 801 1591 830 8.
1614 800 1688 837 Qus'a
1708 804 1823 837 propter
1840 803 1866 829 ie
1885 801 2009 830 moscin-a
2028 810 2134 838 oppro—

1268 838 1374 872 briam.
1398 839 1508 874 operuit
1533 839 1687 876 ignominia
1715 839 1816 876 faciem
1841 847 1938 868 meam.
1977 839 2006 868 9.
2025 839 2136 868 Extra-

1268 885 1337 906 neus
1353 877 1400 913 sui
1417 877 1556 912 frem'bus
1573 877 1660 911 meis,
1686 878 1712 906 et
1731 877 1840 906 alienes
1863 877 1954 912 fames
1973 885 2037 906 sum
2061 877 2136 913 filiis

1268 915 1370 944 matris
1395 923 1478 944 meae.
1526 915 1570 944 10.
1601 915 1674 951 Quia
1699 914 1775 944 aelus
1798 915 1897 944 domna
1929 918 1993 944 luae
2016 916 2136 945 eomedit

1268 960 1328 982 me:
1371 955 1398 982 et
1432 952 1580 990 amrelmo
1623 953 1851 989 exprobrantium
1890 952 1941 982 tibi·
1979 953 2138 983 eesidmmt

1269 999 1353 1026 super
1371 999 1422 1020 nie.

1345 1066 1450 1105 7.(Ne
1474 1066 1632 1096 erubescant
1656 1067 1688 1096 in
1711 1075 1753 1095 me
1777 1068 1827 1103 qui
1849 1069 1874 1096 te
1899 1067 2138 1104 exspsdantDo-

1269 1105 1365 1142 mine.)
1404 1105 1620 1135 Commemorat
1638 1105 1734 1133 David
1754 1113 1785 1134 se
1812 1105 1992 1142 propositum
2018 1113 2082 1134 esse
2102 1105 2138 1135 in

1271 1142 1428 1180 exemplar,
1449 1142 1526 1171 uude
1545 1143 1607 1179 spei
1626 1142 1674 1172 vel
1695 1142 1902 1179 desperationis
1921 1143 2075 1172 materiem
2094 1143 2138 1180 pii

1271 1190 1371 1210 omnes
1391 1181 1562 1219 concipiant.
1602 1180 1744 1217 Quamvis
1765 1181 1841 1210 enim
1863 1181 2040 1211 detestabilis
2059 1188 2139 1211 esset

1271 1219 1323 1248 toti
1343 1219 1464 1256 populo,
1488 1219 1605 1256 pauculi
1627 1224 1724 1248 tamen
1744 1219 1895 1248 restabant
1912 1219 1996 1256 aequi
2016 1223 2046 1248 et
2064 1227 2136 1249 oan-

1273 1256 1332 1286 didi
1344 1262 1432 1286 testes
1442 1257 1626 1286 innocentiae
1642 1257 1717 1286 eins:
1734 1267 1822 1293 quum
1841 1257 1948 1286 scirent
1963 1256 2007 1286 illi
2024 1257 2137 1287 iniuste

1273 1305 1339 1324 eum
1357 1295 1483 1332 gravari.
1504 1300 1534 1324 et
1553 1304 1667 1332 semper
1681 1295 1767 1324 inniti
1784 1295 1840 1324 Dei
1855 1296 1975 1332 gratiae,
1994 1305 2048 1325 nec
2062 1295 2137 1325 ullis

1272 1333 1367 1371 frangi
1393 1333 1601 1362 tentationibus
1631 1333 1702 1370 quin
1729 1333 1831 1362 firmus
1856 1334 1887 1362 in
1911 1334 2025 1370 pietatis
2053 1333 2136 1363 cultu

1273 1377 1371 1407 staret,
1391 1381 1429 1400 ex
1448 1371 1526 1400 tristi
1546 1374 1576 1400 et
1594 1371 1720 1400 infausto
1741 1375 1848 1400 eventu
1865 1372 1938 1400 nibil
1957 1371 2034 1400 aliud
2051 1371 2137 1402 coui-

1273 1414 1503 1477 ffssff‘ssffi&
1521 1418 1615 1484 3353,
1631 1419 1750 1484 ⁰535ssss
1767 1409 2137 1478 2¹2³335;.J:⁰.?.3?:¹².ffi;

1273 1485 1369 1519 Deus,
1395 1486 1514 1514 totidem
1535 1485 1638 1523 sigillis
1658 1495 1740 1514 suam
1761 1495 1831 1523 erga
1850 1495 1902 1515 nos
1921 1486 2044 1524 gratiam
2065 1495 2138 1516 con·

1273 1525 1386 1553 firmat:
1417 1521 1540 1553 ita'fieri
1562 1523 1645 1552 aliter
1667 1533 1724 1553 non
1745 1524 1841 1560 potuit
1861 1524 1930 1560 quin
1949 1523 2138 1554 conciderent

1275 1561 1378 1592 animis
1399 1561 1506 1598 fideles,
1524 1562 1548 1592 si
1569 1560 1667 1592 David
1687 1561 1790 1591 fnisset
1808 1562 1839 1591 in
1859 1568 1992 1592 extrema
2008 1562 2137 1593 necessi·

1275 1605 1333 1630 tate
1364 1600 1503 1630 desertus.
1542 1600 1608 1628 Hoc
1635 1600 1798 1636 perieulum
1827 1609 1905 1629 nune
1934 1600 1998 1630 Deo
2024 1600 2137 1635 obiicit,

1274 1648 1333 1667 nen
1353 1639 1429 1675 quod
1446 1638 1505 1667 ulla
1523 1637 1720 1667 admonitione
1739 1638 1876 1675 indigeat,
1895 1639 1946 1668 sed
1968 1639 2035 1675 quia
2050 1639 2138 1669 tani·

1274 1676 1384 1706 liariter
1412 1685 1510 1706 seeum
1533 1684 1620 1713 agere
1642 1676 1725 1706 nobis
1756 1676 1907 1713 permittit.
1946 1676 2139 1713 &spectandi

1274 1714 1397 1744 verbum
1424 1714 1541 1752 proprie
1570 1714 1606 1742 ad
1636 1723 1717 1751 spem
1752 1715 1892 1750 refertur,
1927 1715 2010 1744 sicuti
2039 1714 2139 1746 Deum

1273 1762 1405 1789 quaerere
1439 1752 1474 1781 ad
1503 1761 1611 1789 preces.
1667 1755 1763 1789 Atque
1792 1751 1864 1782 haee
1892 1753 1994 1789 copula
2022 1753 2139 1785 utiliter

1273 1790 1357 1820 dccet
1375 1790 1464 1820 fidem
1484 1799 1542 1819 non
1562 1799 1625 1820 esse
1645 1790 1797 1828 ignavam.
1823 1790 1892 1828 qnia
1917 1801 1970 1820 nos
1990 1790 2026 1820 ad
2046 1800 2138 1828 qnae-

1273 1828 1398 1858 rendum
1419 1828 1515 1856 Deum
1536 1828 1679 1858 sollicitet.

1350 1867 1376 1896 8.
1399 1867 1487 1904 (Quia
1501 1869 1616 1902 propter
1640 1869 1666 1895 te
1683 1867 1807 1896 suscitati
1831 1867 2030 1905 opprobrium.)
2070 1867 2135 1897 Iam

1273 1904 1380 1934 clarius
1396 1904 1537 1940 exprimit
1561 1904 1636 1941 quod
1663 1905 1772 1934 ironice
1797 1904 1925 1939 dixerat,
1952 1904 2059 1934 delicta
2082 1915 2139 1935 sna

1275 1951 1333 1972 uon
1352 1952 1414 1972 esse
1435 1943 1497 1971 Deo
1517 1942 1693 1972 abscondita.
1724 1942 1788 1971 Imo
1807 1943 1921 1980 longius
1941 1943 2138 1981 progreditur,

1273 1990 1332 2010 non
1351 1981 1437 2009 modo
1456 1985 1572 2016 praeter
1591 1981 1636 2009 ius
1652 1985 1683 2009 et
1701 1981 1745 2009 fas
1765 1990 1795 2009 se
1814 1982 1962 2016 afflictari,
1986 1981 2038 2010 sed
2057 1990 2138 2011 oom-
2164 1988 2170 1994 ·

1275 2028 1392 2048 munem
1412 2018 1467 2048 sibi
1485 2027 1547 2048 esse
1565 2028 1631 2048 cum
1653 2019 1717 2048 Deo
1735 2020 1798 2056 ipso
1816 2028 1946 2055 causam,
1962 2019 2040 2086 finis
2062 2019 2139 2048 nihil

1275 2057 1331 2086 nisi
1358 2066 1396 2085 ex
1424 2057 1488 2086 eins
1519 2057 1658 2087 mandato
1725 2066 1843 2095 gressus
1872 2058 1918 2086 sit.
1991 2058 2027 2087 tsi
2056 2058 2137 2088 euim

1275 2096 1346 2124 alias
1366 2104 1469 2124 sauses
1489 2095 1615 2124 habebat
1635 2095 1715 2130 Saul,
1734 2096 1782 2124 vel
1797 2095 1897 2124 saitem
1916 2095 1987 2125 alies
1999 2100 2139 2133 praetex-

1275 2139 1337 2162 tus:
1392 2133 1440 2162 uia
1469 2137 1565 2162 tamen
1595 2134 1651 2162 hoc
1681 2134 1864 2162 verissimum
1893 2138 1972 2170 erat,
2008 2139 2136 2163 creatam

1273 2171 1364 2201 fnisse
1413 2170 1490 2201 avidi
1510 2171 1649 2200 invidiam
1670 2180 1706 2200 ex
1725 2171 1782 2200 Dei
1802 2172 1962 2209 vocatione,
1983 2172 2050 2209 qnia
2067 2180 2138 2202 enm

1275 2211 1304 2239 in
1334 2218 1431 2246 regem
1462 2214 1602 2240 unxerat:
1636 2210 1740 2238 merito
1770 2213 1893 2238 testatur
1923 2218 1982 2238 non
2018 2211 2137 2248 proprio

1275 2248 1333 2276 ullo
1353 2247 1475 2283 scelere,
1503 2247 1553 2276 sed
1574 2247 1643 2284 quia
1662 2246 1727 2276 Deo
1747 2247 1925 2284 obsequutus
1945 2248 1998 2285 sit,
2022 2257 2056 2276 se
2075 2257 2139 2278 om-

1275 2286 1355 2316 nium
1374 2285 1526 2315 sententiis
1542 2294 1693 2323 perperam
1716 2285 1855 2315 damnari.
1888 2286 1969 2315 Hinc
1986 2295 2056 2316 vero
2075 2295 2136 2316 non

1274 2333 1378 2361 perum
1397 2324 1491 2353 solatii
1512 2325 1629 2359 capiunt
1648 2323 1756 2358 fideles.
1777 2325 1824 2352 ubi
1845 2325 1945 2353 testari
1964 2325 2040 2358 licet.
2061 2325 2137 2353 nihii

1274 2373 1305 2392 se
1321 2367 1437 2399 praeter
1449 2361 1607 2398 legitimam
1618 2361 1674 2390 Dei
1688 2362 1868 2390 vocationem
1886 2366 2019 2392 tentasse.
2049 2362 2137 2398 Quod

1275 2401 1298 2429 si
1319 2400 1355 2429 ob
1374 2399 1442 2429 fidei
1462 2400 1672 2429 confessionem
1692 2399 1775 2429 nobis
1794 2399 1917 2430 infestus
1943 2401 1980 2430 sit
2007 2400 2139 2430 mundus

1275 2439 1372 2475 (sicuti
1383 2439 1513 2467 videmus
1528 2447 1677 2474 nunquam
1697 2439 1790 2467 acrius
1807 2439 1902 2467 furere
1914 2439 2026 2476 impios.
2047 2447 2137 2475 quam

1275 2477 1323 2504 ubi
1343 2476 1398 2504 Dei
1419 2476 1542 2504 verbum
1563 2480 1594 2504 et.
1611 2477 1750 2513 pietatem
1770 2475 1950 2514 oppugnant)
1971 2476 2138 2514 duplicatur

1275 2514 1358 2543 nobis
1388 2513 1501 2544 fiducia.
1552 2513 1668 2544 interea
1697 2514 1786 2543 etiam
1813 2514 1948 2544 admonet
1978 2514 2023 2544 hio
2053 2514 2136 2544 iocus
