2396 3041
1136 324 1463 355 PROLEGOMENA.

576 409 629 438 VI.
669 409 788 437 Ioannis
805 408 811 446 Ι
828 408 943 437 Caluini
961 407 965 445 Ι
983 408 1208 437 commentarius
1226 408 1230 445 Ι
1247 409 1280 437 iu
1297 407 1303 446 Ι
1319 407 1427 437 librum
1457 408 1642 437 Psalmorum
1660 408 1665 445 Ι
1684 430 1690 438 .
1739 408 1776 437 In
1803 408 1857 438 hac
1878 412 2025 446 postrema
2053 410 2187 446 editione,

408 463 526 495 praeter
551 458 658 487 multos
683 458 761 487 locos
787 467 858 495 quos
884 457 999 486 Caluini
1018 458 1022 494 Ι
1040 466 1129 486 manu
1155 458 1184 486 in
1212 457 1304 494 ipsius
1329 457 1490 494 exemplari
1509 457 1679 486 emendatos
1696 457 1771 486 bona
1789 457 1847 487 fide
1866 457 1914 488 hic
1934 468 2050 496 reprae-
2067 459 2071 497 Ι
2089 464 2187 489 senta·

409 508 514 543 uimus,
535 507 702 536 Hebraeum
724 516 838 544 quoque
858 510 1027 535 contextum
1048 516 1064 535 e
1084 507 1202 543 regione
1220 507 1303 535 Lati·
1321 506 1325 544 Ι
1344 514 1398 535 nae
1417 507 1666 544 interpretationis
1685 506 1857 536 addidimus.
1875 509 1880 543 Ι
1898 507 1974 538 va
1996 508 2090 538 indice
2109 509 2188 539 locv-

410 557 579 595 pletissimo.
620 556 788 593 [Emblema]
811 556 949 585 Genevae
967 556 971 592 Ι
990 556 1065 591 apvd
1087 556 1277 585 Evstathium
1298 556 1417 593 Vignon
1435 556 1439 594 Ι
1460 555 1713 585 M.D.LXXV111
1733 555 1805 594 (fol.)

545 606 701 635 Emblema
720 606 862 635 anchorae
883 615 948 634 cum
969 612 1112 641 serpente.
1152 604 1299 641 Adagium
1320 604 1510 635 adscribitur:

908 654 1045 683 Anohora
1066 663 1149 683 sacra
1169 655 1241 683 mari
1261 655 1383 684 iactatos
1403 654 1488 684 unica
1504 654 1641 685 Christus

957 704 1075 732 Fundat
1090 710 1121 732 et
1139 708 1184 733 est
1203 704 1284 733 omni
1305 708 1436 740 tempore
1456 704 1518 733 sola
1535 704 1622 733 salus.

543 755 642 784 Habet
662 759 787 791 quatuor
806 754 875 783 folia
896 754 1050 787 liminaria,
1072 753 1194 790 paginas
1214 757 1383 782 numeratas
1403 753 1470 782 676.
1489 752 1558 790 (238
1578 756 1610 782 et
1628 753 1686 782 239
1706 753 1761 791 bis)
1790 763 1870 783 a—z.
1892 754 1998 784 A—X.
2024 759 2054 784 et
2076 762 2188 793 septem

407 806 477 835 folia
496 815 561 835 oum
582 804 686 834 indice.
2215 804 2218 807 “

559 880 629 910 VII.
669 879 788 908 Ioannis
806 879 811 917 l
828 879 945 908 Calvini
963 878 968 916 1
985 877 1212 908 commentarius
1230 878 1235 915 l
1252 878 1282 906 in
1301 878 1305 916 Ι
1323 878 1429 907 librum
1446 878 1631 907 Psalmorum
1650 879 1654 915 Ι
1672 881 1748 908 caeti.
1768 878 1961 917 (Inomnibus
1972 881 2190 911 accuratissime

407 931 627 969 praecedentem
648 929 758 967 refert.)
797 929 936 958 Genevae
954 928 958 965 Ι
976 927 1051 965 apvd
1072 927 1211 956 Ioannem
1233 928 1362 965 Vignon.
1381 927 1385 964 Ι
1403 926 1544 957 MDCX.
1564 927 1637 966 (fol.)
1667 928 1748 957 Cave
1766 932 1867 958 tamen
1889 929 1965 958 hanc
1985 930 2107 959 eandem
2126 940 2189 961 cre-

408 980 460 1010 das
487 984 574 1018 atque
597 979 677 1009 illam
699 988 774 1015 quae
799 987 875 1007 anno
895 977 968 1007 1578
994 977 1025 1006 in
1049 977 1151 1006 eadem
1177 977 1292 1006 officina
1317 976 1423 1014 prodiit
1447 981 1569 1007 curante
1595 977 1773 1015 typographi
1798 981 1891 1015 patre.
1929 979 2045 1017 Pagina
2071 979 2188 1017 quidem

407 1031 530 1069 paginae
551 1029 708 1066 respondet
725 1029 756 1057 in
778 1033 915 1065 utraque:
935 1027 1043 1056 adsunt
1064 1032 1161 1055 tamen
1182 1027 1337 1056 innumera
1357 1035 1451 1056 novae
1468 1035 1573 1063 operae
1593 1026 1777 1057 documenta.

546 1105 632 1134 VIII.
674 1105 818 1134 Editionis
838 1103 1118 1132 Amstelodamensis
1138 1103 1247 1131 'somus
1267 1101 1324 1131 ΙΙΙ.

574 1181 631 1210 ΙΧ.
670 1181 790 1209 Ioannis
810 1180 926 1209 Calvini
947 1180 976 1208 in
998 1178 1103 1208 librum
1130 1178 1316 1207 Psalmorum
1343 1179 1578 1208 commentarius.
1625 1179 1672 1208 Ad
1699 1178 1854 1208 editionem
1881 1180 2187 1210 Amstelodamensem

407 1231 623 1261 accuratissime
643 1230 768 1259 exscribi
788 1229 902 1258 curavit
922 1230 958 1258 A.
979 1227 1122 1264 Tholuck.
1143 1227 1284 1262 Berolini,
1305 1227 1382 1265 apud
1403 1227 1569 1257 Gustavum
1591 1228 1711 1258 Eiohler
1730 1228 2033 1258 M.DCGOXXXV1.
2074 1230 2149 1260 Pars
2166 1231 2191 1261 Ι.

406 1290 491 1319 pagg.
502 1280 578 1310 XIV
590 1285 619 1309 et
629 1279 694 1309 538.
716 1279 790 1308 Pars
799 1279 840 1308 Π.
853 1288 937 1316 pagg.
948 1277 1014 1307 526.
1035 1278 1144 1307 Tomus
1154 1276 1178 1306 1.
1196 1277 1327 1307 continet
1346 1278 1418 1307 duos
1437 1277 1548 1315 priores
1559 1278 1697 1307 Psalterii
1716 1277 1814 1312 libros,
1835 1279 1907 1307 'Pom
1919 1278 1959 1308 ΙΙ.
1981 1282 2039 1308 tres
2055 1280 2189 1317 reliquos.

589 1356 629 1385 X.
669 1354 902 1386 Commentaires
922 1353 958 1383 de
977 1354 1070 1383 Iehan
1090 1353 1198 1383 Calviu
1218 1362 1269 1382 sur
1289 1353 1316 1382 le
1336 1352 1411 1381 livre
1438 1353 1489 1382 des
1508 1353 1676 1383 Pseaumes,
1717 1356 1798 1384 Avee
1824 1364 1881 1384 une
1908 1355 1985 1384 table
2010 1356 2068 1384 fort
2094 1357 2191 1393 ample

407 1408 457 1437 des
477 1408 653 1445 priucipaux
673 1406 771 1444 points
792 1404 905 1451 traittez
925 1407 957 1433 es
976 1403 1216 1433 Commentaires.
1256 1402 1351 1436 Paris,
1372 1402 1518 1431 Librairie
1538 1403 1574 1431 de
1593 1403 1647 1433 ch.
1669 1404 1820 1441 Meyrueis
1846 1408 1877 1433 et
1896 1404 2086 1442 Oompagnie.
2124 1406 2191 1436 Rue

407 1458 442 1487 de
461 1457 561 1487 Rivoli
581 1456 645 1486 174.
667 1455 750 1485 1859.
789 1454 880 1483 'some
900 1453 1034 1490 premier.
1054 1452 1107 1481 IV.
1129 1451 1194 1482 558.
1234 1453 1324 1481 Tome
1344 1452 1459 1480 second.
1481 1451 1539 1481 593
1559 1462 1606 1490 pp.
1646 1452 1801 1482 Seeundus
1821 1454 1923 1490 incipit
1943 1463 1960 1483 a
1981 1455 2029 1484 Pe.
2047 1456 2093 1485 69.

544 1533 719 1562 Laudentur
741 1535 892 1569 praeterea
918 1529 993 1559 duae
1012 1528 1155 1558 editiones
1175 1528 1284 1557 latinae
1295 1528 1486 1557 Genevenses
1505 1536 1573 1557 ann.
1596 1528 1671 1557 1572
1691 1532 1721 1557 et
1740 1529 1816 1558 1660
1835 1539 1907 1567 quas
1928 1535 2025 1560 tamen
2045 1541 2192 1569 nusquam

407 1588 553 1613 terrarum
573 1582 702 1611 vidimus
722 1585 752 1610 et
771 1589 894 1617 quarum
915 1578 991 1608 hanc
1010 1577 1200 1616 posteriorem
1219 1586 1300 1606 mere
1319 1577 1452 1606 fictitiam
1472 1586 1536 1607 esse
1556 1578 1641 1607 facile
1660 1578 1744 1608 nobis
1762 1578 1980 1615 persuademus.

544 1633 655 1661 Textus
685 1630 807 1669 gallicus
836 1637 937 1667 presse
962 1628 1092 1665 sequitur
1117 1627 1242 1656 latinum
1268 1626 1434 1663 exemplar,
1463 1625 1570 1656 additis
1595 1631 1695 1657 tamen
1722 1628 1871 1657 nonnullis
1897 1630 2133 1661 annotationibus
2158 1632 2189 1660 in

409 1683 551 1720 margine,
571 1691 643 1718 quas
662 1690 716 1710 nos
735 1680 884 1717 negligere
903 1677 1059 1707 noluimus.
1095 1675 1181 1712 Quod
1201 1675 1238 1705 ad
1260 1675 1424 1706 versionem
1444 1676 1595 1714 archetypi
1615 1676 1714 1706 biblici
1734 1678 1848 1713 attinet,
1868 1679 1988 1715 saepius
2007 1679 2058 1709 illa
2077 1690 2190 1718 quoque

405 1731 533 1769 margini
553 1731 690 1760 adscribit
709 1728 978 1766 interpretationem
1004 1727 1091 1755 aliam
1111 1730 1141 1755 et
1161 1726 1313 1761 variatam,
1333 1725 1381 1754 vel
1400 1725 1490 1754 etiam
1510 1725 1736 1762 explicationem
1754 1727 1964 1757 vocabulorum
1984 1729 2084 1758 minus
2100 1731 2190 1759 usita-

405 1786 510 1811 torum.
552 1780 585 1810 Si
611 1780 679 1818 quid
708 1780 839 1809 videmus
866 1779 960 1807 versio
984 1776 1089 1814 gallica
1116 1775 1267 1813 archetypi
1294 1784 1352 1803 non
1379 1784 1416 1803 ex
1443 1774 1569 1804 hebraeo
1588 1776 1675 1805 fluxit
1699 1776 1749 1806 sed
1769 1777 1805 1805 ad
1826 1777 1910 1807 latini
1931 1783 2031 1807 textus
2058 1783 2189 1808 tenorem

406 1831 584 1860 conformata
604 1835 657 1864 est,
677 1833 707 1858 et
727 1829 846 1865 quidem
865 1828 936 1856 satis
955 1825 1102 1856 serviliter
1121 1829 1279 1854 servatum.
1320 1824 1367 1853 Ita
1386 1825 1495 1853 factum
1516 1829 1561 1854 est
1587 1831 1620 1864 ut
1639 1826 1800 1855 translator
1822 1827 1945 1864 gallicus
1965 1837 2025 1857 non
2043 1837 2111 1858 raro
2136 1829 2188 1858 he-

406 1880 547 1909 braismus
567 1890 585 1909 a
604 1879 695 1908 latino
715 1878 875 1915 interprete
893 1880 1086 1910 mutuaretur,
1106 1874 1226 1903 minime
1247 1882 1315 1903 vero
1335 1883 1372 1903 ex
1392 1873 1560 1904 authentico
1579 1874 1712 1905 hausisse
1731 1876 1880 1913 putandus
1907 1877 1955 1906 sit.
1982 1876 2041 1915 (ex.
2068 1887 2112 1916 gr.
2139 1878 2187 1908 Ps.

411 1930 456 1963 12,
476 1930 510 1964 33
530 1929 577 1963 40,
597 1928 616 1958 2
623 1940 630 1964 5
651 1928 697 1963 53,
717 1928 750 1965 53
777 1928 823 1963 88,
845 1927 881 1956 19
901 1925 968 1964 etc.)
1012 1925 1178 1959 Variantes,
1198 1923 1265 1952 illae
1285 1923 1321 1953 de
1347 1924 1455 1960 quibus
1480 1924 1565 1953 modo
1591 1923 1728 1959 diximus,
1754 1925 1926 1963 plerumque
1952 1935 2019 1956 eum
2043 1927 2074 1956 in
2101 1929 2189 1958 finem

410 1979 580 2016 adscriptaej
598 1982 668 2008 sunt
687 1983 721 2007 ut
741 1977 895 2015 expunctis
915 1975 1070 2005 latinismis
1096 1981 1181 2003 voees
1200 1978 1230 2002 et
1249 1971 1371 2009 phrases
1390 1974 1518 2003 sermoni
1537 1974 1695 2003 vernaculo
1715 1975 1809 2013 magis
1828 1977 2062 2006 accommodatae
2082 1978 2186 2008 substi-

408 2032 575 2058 tuerentur:
596 2028 664 2057 vide
684 2028 762 2056 inter
782 2027 840 2056 alia
860 2027 908 2055 Pe.
929 2025 975 2059 37,
995 2024 1076 2059 5.20;
1097 2023 1142 2059 13,
1158 2023 1176 2052 3
1184 2030 1191 2058 ;
1211 2022 1259 2057 32,
1280 2023 1314 2059 83
1333 2022 1380 2058 46,
1401 2023 1417 2051 7
1424 2033 1430 2058 ;
1458 2023 1522 2060 139,
1544 2023 1588 2053 14.

543 2077 662 2107 Oalvini
690 2077 908 2115 praefationem,
934 2084 1007 2112 quae
1034 2074 1111 2102 inter
1136 2073 1355 2101 laudatissimae
1382 2078 1412 2101 et
1438 2073 1566 2102 maxime
1593 2073 1726 2111 egregias
1750 2075 1859 2104 autoris
1885 2077 2007 2113 paginas
2026 2078 2140 2107 censeri
2161 2083 2189 2107 et

408 2128 482 2157 solet
501 2133 530 2156 et
549 2133 687 2165 meretur,
707 2128 738 2156 in
760 2132 879 2163 utroque
898 2133 1032 2155 sermone
1052 2121 1193 2152 edendam
1214 2132 1278 2152 esse
1297 2122 1475 2159 putavimus.
