2396 3041
275 353 331 382 841

276 446 313 474 po
334 436 377 466 uli
404 436 507 466 salutis
536 446 635 466 curam
664 437 791 474 praefert
811 437 910 467 Moses
939 446 998 475 que.
1015 436 1142 466 maxime
1187 436 1227 465 sit
1246 445 1317 473 erge
1336 445 1390 465 nos
1409 435 1466 480 Dei
1485 445 1577 465 emor.

276 484 315 504 vo
327 474 394 504 ebat
412 474 602 504 innotescere.
631 475 698 505 Hse
716 475 829 504 rstione
838 475 951 505 Paulus
970 474 1056 505 Rom.
1066 474 1094 510 9,
1103 474 1141 503 23

277 513 334 542 Dei
359 513 519 543 bonitatem
547 512 659 551 gloriae
695 513 778 542 titulo
816 513 982 550 specialiter
1010 513 1141 550 insignit.

277 550 424 587 Quamvis
443 552 521 580 enim
540 551 663 589 gloriam
683 560 768 581 susm
787 557 907 588 asserat,
936 550 1079 580 mundum
1099 551 1142 579 iu-

276 588 410 625 dicando,
437 589 506 627 quis
535 594 632 619 tamen
660 589 733 619 nihil
759 589 786 619 ei
812 590 906 627 magis
934 588 1068 619 naturale
1097 593 1142 618 est

276 637 365 665 quam
385 627 545 657 beneficum
564 637 596 657 se
615 632 788 662 monstrare,
819 627 884 657 ideo
908 627 1001 665 glorie
1030 627 1091 656 eius
1111 628 1141 656 in

277 665 425 695 boneficiis
453 665 595 696 excellere
624 665 739 696 dieitur.
778 665 864 702 Quod
893 665 930 694 ed
959 668 1143 703 praesentem

277 704 372 733 locum
392 707 513 741 spectat,
528 708 643 734 tautum
659 709 793 742 coeperet
803 703 886 734 Deus
902 703 1040 741 populum
1056 712 1142 733 suum

277 741 416 771 liberere:
436 742 566 772 restabat
584 743 663 771 enim
682 746 717 771 ut
735 742 901 771 fruerentur
919 745 998 771 terre.
1012 741 1142 771 Censen.

277 779 383 817 Itaque
402 779 461 810 nisi
480 780 559 809 ultre.
579 779 725 810 desertum
765 780 890 818 regressi
909 783 1015 815 essent,
1040 779 1142 809 obseu-

278 822 344 847 rats
362 818 466 847 fuisset
484 817 653 856 redemptio.
693 818 740 848 Ad
762 828 778 848 e
797 818 875 855 quod
895 828 934 847 ex
953 817 1143 855 promissione

277 865 350 893 opus
368 856 425 885 Dei
444 856 579 885 aestimat
597 856 704 892 Moses,
733 856 855 894 ideoque
884 856 1003 894 plenum
1034 861 1063 885 et
1081 856 1143 885 suis

279 894 409 924 numeris
428 893 591 924 absolutum
612 894 674 924 fore
693 901 789 933 neget,
817 894 874 924 nisi
903 903 987 924 susm
1017 894 1143 932 gretiam

279 941 370 969 usque
388 932 420 962 in
440 933 527 962 finem
547 933 707 963 continuet.
746 932 834 969 Quod
854 933 943 962 etism
965 932 1073 962 elarius
1092 941 1143 961 ex-

298 971 413 1000 rimitur
432 970 560 1000 seeundo
580 971 718 1005 membro,
739 970 789 1000 ubi
805 980 863 1000 non
880 970 964 1000 modo
977 971 1065 1000 aetati
1074 979 1144 1000 suae

315 1018 353 1038 ne
372 1008 595 1046 precatui-seed
621 1009 794 1047 generationi
821 1018 895 1047 quse
924 1008 1055 1038 nondum
1075 1013 1144 1038 nata

280 1051 363 1114 ῗςοιξτ
388 1046 458 1114 viiia
487 1047 552 1114 tsslis
582 1047 670 1114 egium
699 1052 762 1114 etrat
790 1046 1142 1114 spmanfioedgffi'teoen'

318 1108 325 1120 ,
372 1092 380 1113 ε
437 1094 471 1115 ro
520 1094 572 1114 eus
611 1095 665 1115 uus
693 1094 709 1115 e
741 1094 861 1115 seminis
932 1105 940 1114 .
1005 1093 1039 1114 ae
1069 1093 1144 1120 rum,

278 1123 335 1152 hoc
355 1123 488 1161 exemplo
509 1132 670 1160 monemur,
700 1124 729 1153 in
755 1123 887 1161 precibus
906 1122 1016 1153 nostris
1035 1123 1144 1152 heben-

278 1161 347 1190 dam
367 1170 430 1191 esso
449 1162 629 1199 posteritatis
647 1171 762 1191 euram:
783 1162 955 1199 praesertim
975 1161 1043 1198 quie
1062 1161 1144 1190 nobis

278 1199 423 1237 promissa
453 1204 497 1229 est
526 1200 662 1230 ecclesiae
691 1200 869 1238 perpetuitas
889 1209 980 1237 usque
999 1199 1034 1228 sd
1056 1200 1145 1229 finem

280 1238 391 1273 mundi,
409 1238 495 1268 sicuti
515 1238 648 1275 proximo
667 1238 785 1267 Psalmo
804 1237 942 1272 vidimus,
960 1238 992 1267 in
1012 1238 1146 1267 omnibus

282 1277 358 1305 votis
376 1275 481 1313 quibus
500 1276 737 1306 commendemus
756 1277 819 1306 eius
838 1276 973 1311 salutem,
994 1275 1146 1313 complecti

281 1319 414 1351 posteros
433 1317 549 1344 nostros
567 1314 655 1343 etiem
675 1315 724 1352 qui
745 1315 875 1344 nondum
894 1315 956 1344 nati
975 1318 1054 1349 eunt,
1078 1323 1146 1344 oon·

281 1352 374 1381 venit.
413 1352 583 1382 Notandum
604 1357 754 1390 praeterea
773 1357 818 1382 est
837 1352 942 1382 decoris
961 1354 986 1382 et
1007 1352 1147 1389 pulcritu-

282 1390 359 1420 dinis
378 1399 493 1426 nomen,
514 1390 592 1421 unde
611 1390 775 1429 colligimus
799 1399 885 1428 quam
913 1389 1147 1428 incomparabilis

1027 351 1220 384 PSALMDS
1239 351 1305 382 XO.

1994 352 2052 382 842

1617 436 1762 473 Quamvis
1782 437 1861 466 enim
1882 437 1944 466 suis
1970 437 2054 466 donis

1188 483 1241 503 nos
1269 482 1378 503 ornans
1403 473 1479 503 nilnl
1506 474 1562 504 sibi
1592 475 1737 512 acquirat:
1767 474 1928 505 liberaliter
1955 478 2054 505 tamen

1189 512 1337 542 nobiscum
1358 511 1470 550 egendo
1489 512 1644 550 splendere
1662 513 1735 548 vult,
1761 518 1790 543 et
1816 513 1949 544 decorem
1968 522 2054 542 suum

1188 549 1285 587 palem
1313 550 1423 581 facere:
1453 560 1487 580 uc
1514 551 1539 580 si
1565 550 1660 580 forma
1684 552 1748 581 eius
1766 551 1889 581 obseura
1908 556 1985 581 esset
2004 551 2054 581 ubi

1189 597 1242 617 nos
1276 598 1331 618 sus
1362 588 1553 618 beneficentia
1590 589 1727 626 prosequi
1762 593 1864 619 cesset.
1913 589 2054 627 Sequitur

1188 625 1301 662 deinde,
1329 636 1399 664 opus
1426 635 1563 656 manuum
1589 629 1749 656 nostrarum
1778 627 1868 672 dirige
1886 636 1972 664 super
1989 637 2055 657 nos:

1188 674 1243 702 quc
1253 664 1400 703 significat
1409 665 1518 700 Moses,
1532 665 1607 694 nihil
1622 674 1706 702 posse
1723 674 1777 695 nos
1793 665 1915 695 feliciter
1935 665 2054 703 aggredi

1188 703 1235 733 vel
1254 706 1378 740 tentare,
1398 703 1455 732 nisi
1476 703 1547 733 dum
1566 712 1598 733 se
1618 704 1721 734 ducem
1741 709 1772 733 et
1791 709 1921 733 sutorem
1935 704 2055 741 praebet

1189 741 1280 776 Deus,
1309 746 1339 770 et
1368 741 1505 779 auspiciis
1532 742 1593 771 suis
1613 751 1666 771 nos
1686 742 1769 779 regit.
1808 741 1895 772 Unde
1915 742 2054 779 sequitur,

1188 788 1257 809 suos
1286 779 1414 816 profanis
1443 779 1609 809 hominibus
1635 784 1756 810 conatus
1782 783 1812 809 et
1831 779 1929 810 studis
1949 784 2056 810 retror-

1188 826 1255 847 sum
1284 818 1396 853 csdere,
1422 818 1490 854 quia
1516 818 1613 847 Deum
1632 828 1692 847 non
1711 817 1858 855 sequendo
1887 819 2006 849 oonruse
2022 822 2056 848 et

1188 855 1353 885 inordinate
1400 855 1481 885 mnis
1509 859 1690 893 pervertunt.
1729 856 1790 886 Nec
1810 866 1991 894 supervacue.
2010 861 2054 886 est

1189 894 1332 932 particule
1349 865 1414 933 ηδ)
1442 916 1450 930 ,
1470 903 1538 923 nem
1558 894 1613 924 etsi
1632 895 1664 923 in
1688 894 1831 932 optimum
1847 895 1936 924 finem
1955 894 2055 933 dirigit

1189 933 1272 963 Deus
1291 899 1440 970 quidquiX
1450 930 1544 962 Setun
1563 937 1594 962 et
1612 941 1712 962 omnes
1741 933 1856 971 reprobi
1887 933 2054 968 moliuntur,

1190 970 1323 1008 specialis
1342 975 1439 1000 temen
1460 974 1505 1000 est
1523 970 1658 1000 ecelesiae
1678 970 1760 1007 ratio,
1785 971 1818 1000 in
1844 980 1901 1008 qus
1921 976 2055 1008 pacatum

1190 1009 1345 1047 imperium
1364 1008 1447 1038 Deus
1472 1013 1596 1039 exercet.
1639 1009 1714 1038 Nem
1742 1018 1850 1039 arcane
1879 1018 1931 1039 sus
1957 1009 2054 1047 provi-

1191 1048 1290 1076 dentia
1309 1055 1382 1084 opus
1402 1056 1487 1076 suum
1507 1052 1590 1076 extra
1609 1047 1709 1084 dirigit
1722 1046 1805 1077 Deus
1820 1056 1890 1085 erga
1910 1048 2055 1085 reprobos,

1190 1084 1240 1115 sed
1260 1084 1342 1114 intus
1361 1084 1461 1114 fideles
1480 1094 1532 1114 suo
1550 1085 1655 1122 spiritu
1675 1085 1827 1123 gubernat,
1847 1085 1968 1123 ideoque
1989 1094 2055 1123 pro-

1191 1123 1253 1161 prie
1272 1132 1344 1160 opus
1370 1132 1509 1152 manuum
1537 1123 1668 1161 ips'orum
1697 1123 1823 1153 ordinat.
1863 1124 1903 1152 Et
1922 1124 2056 1161 repetitio

1192 1162 1275 1192 docet
1300 1162 1469 1191 continuum
1495 1162 1728 1198 perseverantiae
1746 1166 1877 1191 tenorem
1898 1162 2004 1199 requiri
2025 1162 2055 1190 in

1193 1200 1249 1229 Dei
1268 1200 1377 1237 gratia:
1397 1199 1464 1237 quis
1489 1209 1549 1229 non
1568 1200 1715 1229 sufficeret
1733 1199 1770 1229 ad
1789 1199 1943 1229 dimidium
1962 1209 2056 1237 usque

1192 1238 1248 1267 iter
1268 1247 1320 1267 nos
1339 1247 1402 1267 esse
1421 1237 1584 1275 perductos,
1600 1239 1655 1267 nisi
1669 1242 1763 1267 totum
1776 1247 1893 1267 cursum
1904 1238 2055 1275 compleat.

1194 1276 1253 1305 Alii
1284 1280 1410 1312 vertunt,
1437 1276 1589 1305 confirma:
1618 1276 1668 1313 qui
1691 1285 1793 1305 sensus
1818 1275 1977 1306 tolerabilis
2002 1280 2055 1306 est.

1195 1313 1344 1352 Sequatus
1354 1318 1451 1344 tamen
1463 1323 1527 1343 sum
1541 1314 1618 1352 quod
1635 1314 1672 1344 sd
1691 1319 1858 1344 contextum
1872 1314 1967 1352 aptius
1984 1322 2055 1349 erat,

1194 1361 1299 1390 nempe
1328 1357 1361 1381 ut
1388 1361 1490 1381 omnes
1509 1352 1622 1390 piorum
1642 1352 1770 1383 actiones
1789 1352 1870 1382 Deus
1890 1352 2005 1381 ordinet
2024 1353 2053 1381 in

1194 1391 1283 1420 finem
1302 1399 1479 1428 prosperum.
