2396 3041
349 321 406 350 311

352 405 502 434 extollitur
532 404 735 441 providentias
762 404 820 433 Dei
851 404 950 438 virtus,
984 402 1061 441 quod
1088 402 1150 432 sola
1179 402 1215 432 sd

351 452 438 472 omne
472 441 616 471 malorum
652 451 745 480 genus
779 440 980 479 repellendum
1015 440 1146 476 sufficiat,
1182 449 1216 470 ao

351 480 443 511 radiis
461 480 523 510 suis
542 479 722 518 perstringat
741 479 938 518 improborum
958 479 1088 508 omnium
1109 478 1216 513 oeulos,

352 527 512 556 manusque
543 523 669 548 enervet.
719 517 901 554 Quibusdam
934 517 1066 546 alludere
1100 516 1217 546 videtur

351 557 496 596 propheta
525 557 560 586 nd
591 557 804 586 sanetuarium:
835 555 911 593 quod
942 556 998 584 etsi
1024 565 1082 584 non
1107 555 1216 589 reiicio,

352 604 413 624 ‘non
445 595 514 624 satis
543 598 644 624 tamen
674 593 797 624 solidum
827 593 961 623 arbitror.
1011 593 1092 623 Dicit
1120 598 1216 622 autem

352 633 492 663 abscondi
510 633 610 662 fideles
630 642 648 663 a
667 633 810 671 superbiis
829 633 886 661 viri
906 637 936 661 et
951 630 1025 661 rixis
1040 631 1218 669 linguarum,

352 671 421 708 quin
445 671 504 700 nisi
529 675 692 709 compescat
718 671 800 700 Deus
826 669 970 707 reprobos,
997 669 1105 698 scimus
1130 678 1219 706 quam

353 709 462 739 furioso
483 710 595 747 impetu
616 713 717 738 contra
735 709 825 738 bonos
851 713 879 737 et
898 707 1045 745 simplices
1064 707 1168 737 efferre
1186 715 1218 736 se

353 747 494 777 audeant:
523 747 575 776 sed
603 747 760 784 quamlibet
781 747 915 775 effraenis
943 747 983 775 sit
1002 754 1102 774 eorum
1129 744 1218 774 libido

353 789 383 814 et
402 785 566 823 insolentia,
594 795 630 814 ne
649 785 719 822 quid
740 789 838 813 tamen
859 784 944 813 bonis
965 787 1073 819 noceat,
1100 782 1219 812 mirabi-

353 823 421 853 liter
440 823 521 853 Deus
541 832 578 852 ex
599 823 710 861 fulgore
737 821 890 860 adspectus
910 822 956 851 eui
976 821 1112 851 umbram
1130 829 1219 859 oppo-

351 861 407 891 nit.
447 861 510 891 Alii
528 865 651 899 0³02&
673 865 790 890 vertunt
810 861 1048 898 conspirationes,
1076 860 1126 888 alii
1151 868 1216 896 pra-

353 899 477 929 vitates:
503 899 555 928 sed
575 899 658 928 nulla
676 899 799 935 ratione,
819 907 872 927 nso
892 907 959 927 vero
980 896 1136 935 respondet
1155 901 1219 935 ety-

353 937 496 975 mologia:
530 937 599 975 qnia
634 946 692 967 non
728 937 763 966 ab
799 935 940 966 elevando
976 935 1131 966 deductum
1165 941 1218 965 eet.

354 975 515 1012 Superbiae
541 975 658 1004 additur
685 975 831 1004 contentio
862 975 1043 1011 linguarum:
1070 974 1139 1011 quia
1165 975 1219 1002 etsi

355 1013 411 1042 Dei
435 1013 505 1042 filiis
523 1013 681 1042 metuenda
705 1014 747 1042 sit
766 1013 892 1042 hostium
912 1011 1077 1048 crudelitas,
1104 1017 1219 1049 superat

354 1056 452 1080 tamen
482 1051 630 1081 virulenta
662 1060 762 1080 eorum
796 1050 1011 1081 maledicentia:
1045 1049 1120 1087 quod
1154 1049 1219 1087 plus

354 1089 425 1119 eatis
461 1092 600 1126 expertus
634 1093 680 1118 est
714 1088 820 1118 David.
870 1087 968 1124 Quum
1004 1093 1101 1118 eutem
1137 1087 1219 1117 nobis

355 1127 459 1156 marito
494 1127 587 1156 carior
623 1127 725 1156 debeat
760 1137 823 1156 esse
859 1127 1015 1164 integritas
1044 1135 1130 1164 quam
1161 1126 1221 1154 vitu.

355 1170 464 1200 nostra,
491 1165 635 1195 discamus
662 1165 703 1195 sic
721 1164 861 1194 iustitiam
890 1165 991 1200 colere.
1018 1169 1051 1194 ut
1077 1164 1144 1194 freti
1162 1164 1219 1192 Dei

356 1203 525 1241 patrocinia.
573 1203 658 1233 falsae
696 1213 797 1233 omnes
835 1202 993 1233 calumnias
1032 1211 1219 1240 spernamus:

355 1241 628 1309 zssptffiffls
652 1242 731 1309 ³5:231:
735 1247 801 1309 ⁰2¹?
802 1241 938 1309 ἳηῑὶἰῗῗὲ
940 1240 1219 1316 ζτξὲἓῑὲἑᾷἓὶζὶῗ

432 1317 478 1347 21.
500 1316 679 1355 (Benedictio
697 1317 821 1356 Iebova.)
851 1316 1011 1347 Generales
1031 1326 1104 1354 quas
1122 1316 1220 1353 posuit

357 1355 527 1391 sententias,
551 1355 689 1392 privatim
715 1356 750 1384 ad
771 1365 802 1385 se
822 1354 1028 1387 accommodat.
1053 1365 1087 1384 ac
1106 1354 1219 1392 praedi-

356 1397 412 1430 cat,
439 1393 470 1422 in
495 1393 667 1423 liberatione
692 1394 771 1423 vitae
796 1402 865 1423 snae
885 1393 1036 1422 mirificam
1057 1393 1146 1422 fuisse
1165 1391 1221 1421 Dei

356 1431 527 1462 bonitatem.
566 1430 642 1468 Quin
669 1441 737 1461 vero
756 1430 792 1461 de
817 1430 926 1460 auxilio
943 1430 1073 1468 loquitur
1093 1429 1170 1468 quod
1190 1430 1221 1459 in

356 1469 446 1498 rebus
471 1470 600 1498 confusis
619 1474 648 1498 et
673 1469 792 1507 perditis
818 1474 937 1507 repente
958 1474 986 1498 et
1006 1472 1120 1506 praeter
1139 1477 1221 1504 apem

357 1507 478 1537 allatum
498 1511 569 1543 erat,
594 1512 671 1537 reete
690 1506 822 1537 sentiunt
838 1506 1021 1544 interpretes,
1046 1507 1095 1544 qui
1114 1506 1219 1536 subau-

357 1545 445 1575 diunt
470 1544 669 1575 similitudinis
687 1551 801 1575 notam:
829 1544 923 1582 Quasi
947 1545 977 1574 in
1006 1544 1079 1575 urbe
1097 1544 1221 1580 munita,

357 1593 425 1613 nam
445 1593 535 1621 quum
556 1583 592 1612 ad
612 1593 714 1613 omnes
737 1584 812 1614 ictus
831 1587 943 1621 pateret
963 1583 1068 1617 David,
1094 1583 1221 1612 iniuriis-

357 1631 414 1659 que
444 1621 579 1651 omnibus
603 1623 751 1660 expositus
777 1622 860 1657 foret,
886 1622 941 1651 sibi
966 1622 997 1651 in
1015 1621 1072 1651 hac
1091 1621 1223 1650 nuditate

358 1665 388 1689 et
412 1659 510 1697 iuopia
534 1659 628 1698 pluris
652 1660 741 1690 fuisse
762 1659 817 1689 Dei
842 1659 986 1690 auxilium
1010 1659 1109 1696 iactat,
1136 1668 1223 1696 quam

358 1697 462 1764 urben}
489 1697 562 1727 bene
592 1699 747 1734 munitam,
783 1698 828 1728 vel
858 1697 1086 1736 inexpugnabile
1115 1707 1223 1735 propu-

358 1744 452 1774 gnaeu
466 1745 523 1765 um.

436 1827 483 1856 22.
502 1827 567 1865 Ego
591 1830 682 1856 nutem
705 1828 835 1856 ‘liuram
859 1828 890 1856 θη
913 1827 1096 1863 trepidatione
1118 1827 1223 1863 men,*)

359 1866 504 1896 stoicam
529 1875 592 1895 eum
611 1875 630 1895 a
653 1867 796 1901 oon-spectu
819 1865 962 1894 aetolorum
986 1867 1105 1901 tamam,
1130 1865 1225 1902 utique

359 1907 451 1934 nmen
476 1903 619 1934 mandisti
637 1911 728 1933 vocem
754 1902 976 1939 deprecationum
999 1911 1134 1938 mearum,
1158 1902 1225 1932 dum

360 1942 479 1973 clamavi
498 1942 536 1970 αιί
554 1943 585 1971 te.
615 1941 660 1970 23.
681 1941 800 1978 Dic-‘9122
819 1940 956 1975 Iekouam.
977 1950 1070 1970 omnes
1087 1941 1227 1970 mansueti

362 1981 438 2010 eius:
471 1979 566 2016 fideles
594 1980 710 2009 custodit
739 1979 850 2013 Iehova,
879 1982 904 2009 et
923 1979 1047 2016 rweudit
1065 1979 1225 2016 abunde”)

361 2017 478 2086 eroget-be
502 2027 533 2047 se
555 2018 670 2055 yerentn'.
708 2017 755 2046 24.
775 2016 898 2047 Fortiter
917 2026 966 2047 vos
987 2017 1082 2054 gerite,
1108 2019 1133 2047 et
1151 2016 1227 2046 robo-

361 2065 396 2087 ra
415 2057 437 2086 it
455 2064 502 2086 cor
518 2058 648 2091 vestrum,
668 2064 760 2084 omnes
779 2056 830 2092 qui
849 2056 969 2091 speratis
986 2056 1019 2085 in
1039 2055 1151 2084 Ichana.

439 2154 486 2186 22.
502 2154 555 2194 (Et
572 2163 618 2193 eyo
637 2154 722 2193 dia-i.)
753 2155 876 2184 Fatetur
895 2154 950 2183 hoc
969 2163 1057 2184 versu
1075 2154 1174 2183 David
1196 2163 1228 2184 se

363 2193 528 2223 diffidentia
557 2202 608 2222 sua
639 2194 828 2230 promeritum
858 2192 947 2230 fuisse
977 2196 1009 2222 ut
1038 2193 1170 2222 desertus
1198 2196 1228 2222 et

363 2232 493 2261 abiectus
512 2229 601 2260 aDeo
623 2230 738 2269 periret.
768 2231 944 2260 Probi-osum
959 2230 1015 2260 hoc
1031 2230 1145 2268 quidem
1166 2234 1228 2260 erat

363 2279 461 2300 eoram
497 2268 680 2299 hominibus:
717 2268 767 2298 sed
797 2277 854 2306 qno
883 2269 986 2298 melius
1015 2268 1142 2298 illustret
1173 2269 1228 2298 Dei

385 2309 499 2343 retiam,
521 2317 578 2336 non
600 2307 712 2336 dubitat
728 2307 791 2337 vitii
808 2308 853 2335 sui
874 2306 997 2336 dedecus
1012 2307 1107 2344 palam
1125 2307 1228 2336 facere.

393 2346 499 2376 andem
518 2345 581 2374 fere
600 2343 810 2375 cenfessionem
830 2348 942 2382 repetet
961 2345 1039 2374 Psal.
1061 2345 1125 2374 116.
1164 2345 1228 2383 Ego

365 2490 398 2508 οι
412 2453 591 2507 habiivffiem
612 2451 792 2481 tremblement„
821 2457 853 2474 en
873 2456 968 2480 merge:
994 2457 1025 2474 cu
1051 2450 1230 2482 perturb-tion,

429 2513 471 2544 1”)
485 2513 678 2543 abondammcnt,
694 2519 725 2536 en
739 2518 836 2543 maroc:
851 2519 891 2539 cu,
908 2519 952 2543 par
967 2511 1109 2536 excellence.

1069 318 1263 350 PSALMUS
1282 318 1402 348 xxxl.

2064 315 2123 344 312

1260 404 1323 433 dixi
1339 404 1370 432 in
1394 403 1634 441 praecipitatione
1654 411 1725 438 mea,
1752 402 1848 431 omnis
1873 402 1959 431 homo
1986 399 2123 430 mendax.

1262 441 1341 486 Sci01
1370 447 1431 480 mn
1462 451 1480 470 a
1528 440 1681 471 uibusdam
1710 440 1817 478 exponi
1845 449 1898 478 pro
1927 440 2003 477 fuga,
2039 438 2124 476 quasi

1260 479 1361 510 David
1376 484 1499 509 mortem
1529 490 1546 510 u
1569 480 1652 514 itane,
1673 484 1825 516 propterea
1845 478 1920 516 quod
1937 478 2032 514 impar
2048 482 2125 506 esset

1260 519 1298 547 ad
1318 518 1522 554 resistendum,
1569 526 1602 547 oe
1630 526 1738 554 pavore
1756 517 1845 545 fuerit
1864 516 2023 553 perculsus.
2063 514 2124 544 Sed

1262 566 1316 594 ego
1335 556 1372 585 ad
1392 556 1483 585 animi
1502 555 1750 594 perturbationem
1769 564 1814 584 ma
1839 554 1845 561 ”
1880 554 1982 584 refero.
2021 553 2126 590 Itaque

1262 595 1326 624 sive
1346 595 1558 625 festinationem
1580 598 1686 630 vertas,
1708 593 1771 623 sive
1790 593 1847 622 2110
1862 592 1955 629 mode,
1974 591 2126 629 intelligit,

1262 643 1294 662 se
1333 633 1396 663 nasi
1411 633 1597 671 praeeipitem
1619 633 1706 662 fuisse
1722 632 1883 668 abreptum,
1904 634 1937 660 ut
1957 640 1987 660 se
2007 634 2127 667 putaret

1264 680 1282 700 a
1337 681 1371 700 eo
1399 671 1517 708 negligi.
1563 669 1731 708 Opponitur
1759 674 1857 698 autem
1883 669 1953 698 haec
1978 667 2127 698 festinatio

1264 708 1371 738 rationi
1391 709 1506 739 sedatae
1524 713 1554 738 et
1578 707 1767 745 compositae:
1793 708 1863 744 quis
1884 707 1939 737 etsi
1958 711 2039 736 metu
2059 714 2126 743 per-

1264 747 1362 776 culsus
1383 747 1438 776 ruit
1456 747 1563 784 David,
1590 755 1648 776 non
1668 750 1766 775 tamen
1786 746 1948 782 succubuit,
1967 754 2002 774 ac
2020 745 2045 773 si
2066 745 2129 773 fixa

1264 785 1294 814 in
1325 785 1387 814 eins
1418 790 1514 814 mente
1549 785 1676 814 stetisset
1701 784 1772 812 haec
1805 783 1960 821 persuasio.
2009 781 2128 812 Scimus

1264 823 1350 859 enim,
1371 832 1458 868 saepe
1478 823 1636 853 terroribus
1656 821 1809 859 inquietari
1831 822 1940 858 fideles,
1965 826 1995 851 et
2014 820 2130 851 fervore

1264 861 1472 906 impatientiae,
1492 861 1539 891 vel
1555 861 1677 890 nimium
1693 861 1834 890 celeribus
1852 861 1925 889 votis
1945 859 2028 896 quasi
2044 868 2130 895 prae·

1264 900 1366 937 cipitea
1384 899 1508 937 impelli:
1529 900 1581 928 sed
1600 904 1701 935 postea
1718 898 1813 927 redire
1829 897 1864 926 ad
1880 908 1912 926 se
1928 899 2014 935 ipsos.
2040 895 2131 933 Quod

1265 942 1361 967 autem
1398 939 1453 968 hac
1492 939 1651 967 tentatione
1690 945 1839 974 nunquam
1879 945 2003 966 excussa
2038 934 2132 964 fuerit

1265 975 1375 1006 Davidi
1400 975 1481 1011 fides,
1510 986 1548 1006 ex
1574 978 1711 1006 contextu
1739 979 1832 1012 patet:
1861 975 1928 1011 quia
1952 983 2021 1003 mox
2047 973 2133 1002 addit

1264 1014 1415 1044 exauditas
1437 1015 1524 1044 fuisse
1544 1023 1613 1044 suas
1632 1023 1740 1051 preces.
1778 1013 1868 1049 Atqui
1897 1013 2043 1042 exstincta
2071 1010 2134 1040 fide

1266 1053 1374 1082 serium
1411 1053 1550 1089 prooemii
1585 1053 1722 1081 affectum
1757 1051 1911 1088 concipere
1941 1060 1996 1080 non
2028 1049 2133 1087 potuit,

1266 1101 1355 1128 quare
1376 1091 1423 1120 hie
1444 1090 1636 1120 festinationis
1657 1094 1771 1119 tantum
1793 1089 1888 1126 lapsus
1909 1089 1972 1118 fuit.
1998 1087 2084 1124 Quod
2106 1087 2133 1116 si

1265 1133 1398 1158 sanctum
1414 1129 1470 1158 Dei
1487 1129 1665 1166 prophetam.
1695 1132 1832 1164 tantaque
1850 1127 2024 1164 praestantia
2043 1135 2133 1154 orna-

1268 1172 1327 1196 tum
1357 1168 1390 1196 in
1425 1167 1656 1203 desperationem
1688 1174 1791 1202 rapere
1822 1165 1916 1202 potuit
1942 1169 2136 1202 praepostere.

1266 1206 1450 1243 cogitationis
1470 1205 1631 1235 festinatio:
1660 1209 1837 1241 quantopere
1863 1202 1946 1233 nobis
1966 1202 2134 1231 timendum

1266 1248 1310 1273 est
1336 1253 1373 1272 ne
1399 1243 1511 1273 exitiali
1531 1243 1617 1272 ruina
1636 1242 1726 1271 animi
1754 1242 1836 1270 nohis
1861 1240 2032 1270 concidant?
2064 1240 2136 1269 Etsi

1268 1285 1364 1311 autem
1385 1281 1421 1310 ad
1440 1281 1674 1318 amplificandam
1696 1281 1750 1309 Dei
1771 1280 1893 1316 gratiam
1912 1279 2037 1316 pertinet
2059 1278 2136 1308 haec

1268 1320 1420 1354 confessio.
1439 1325 1472 1349 ut
1487 1319 1631 1348 diximus:
1651 1317 1775 1348 secundo
1793 1322 1889 1347 tamen
1912 1316 2039 1346 membro
2059 1316 2136 1346 satis

1268 1357 1448 1388 demonstrat
1467 1357 1574 1392 David,
1601 1356 1686 1386 fidem
1715 1365 1806 1390 suam,
1831 1356 1964 1392 quamvis
1989 1363 2136 1384 concussa

1268 1397 1364 1431 fuerit,
1394 1405 1451 1425 non
1481 1397 1569 1425 fuisse
1597 1399 1694 1424 tamen
1721 1395 1859 1424 radicitus
1886 1393 2032 1424 evulsam:
2061 1393 2137 1430 quia

1269 1434 1380 1472 precari
1406 1435 1517 1464 interea
1543 1443 1601 1463 non
1628 1433 1747 1462 destitit.
1788 1433 1832 1462 Ac
1855 1441 1941 1476 saepe
1966 1431 2021 1461 hoo
2044 1430 2136 1461 modo

1268 1473 1416 1502 luctantur
1435 1473 1529 1502 sancti
1549 1481 1615 1502 eum
1635 1471 1752 1508 propria
1775 1470 1945 1503 diffidentia.
1971 1473 2005 1498 ut
2023 1468 2136 1505 partim

1268 1511 1424 1545 labascent.
1451 1511 1558 1547 partim
1585 1510 1695 1539 animos
1715 1518 1782 1538 suos
1802 1509 1941 1546 colligant
1959 1511 1989 1536 et
2007 1506 2138 1536 efferant

1268 1548 1305 1578 ad
1325 1548 1511 1585 precandum.
1549 1547 1611 1577 Nec
1638 1547 1733 1576 obstat
1757 1547 1854 1576 carnis
1880 1545 2035 1576 infirmitas
2061 1554 2138 1581 quo-

1269 1588 1374 1623 minus,
1401 1587 1488 1616 stiam
1508 1586 1569 1616 fere
1590 1585 1700 1621 deiecti,
1729 1584 1889 1614 indefessos
1914 1585 1977 1612 Deo
2003 1583 2139 1612 athletas

1269 1635 1300 1655 se
1325 1625 1503 1662 praebeant.v
1529 1625 1704 1660 Quanquam
1731 1628 1829 1652 autem
1852 1622 2003 1652 tentationi
2032 1621 2139 1650 David

1268 1669 1386 1693 strenue
1412 1667 1635 1701 repugnaverat,
1670 1671 1701 1690 se
1733 1665 1831 1690 tamen
1863 1660 2014 1698 indignum
2042 1659 2139 1689 fuisse

1269 1702 1401 1740 agnoscit
1423 1701 1478 1731 Dei
1497 1701 1600 1739 gratia.
1620 1709 1706 1738 quam
1727 1709 1779 1728 sua
1798 1699 1977 1728 dubitatione
1992 1697 2139 1735 quodam-

1269 1740 1354 1770 modo
1374 1740 1499 1770 arcebat.
1526 1739 1599 1769 Nam
1623 1739 1765 1776 particula
1796 1744 1854 1776 224,
1875 1737 1928 1766 hoc
1948 1737 2009 1766 loeo
2027 1735 2139 1765 adver·

1269 1779 1360 1808 sative
1387 1779 1513 1814 capitur:
1544 1776 1619 1813 quod
1643 1777 1754 1805 scilicet
1777 1743 1893 1813 Iit-aster
1920 1775 2057 1804 meritum
2078 1773 2139 1804 sal·

1269 1820 1358 1846 vatus
1393 1816 1480 1845 fuerit
1515 1815 1622 1851 David,
1658 1816 1726 1851 quia
1761 1824 1827 1844 cum
1864 1814 1927 1844 eius
1961 1812 2140 1842 infidelitate

1269 1854 1394 1885 certavit
1420 1854 1563 1883 immensa
1587 1853 1645 1881 Dei
1674 1853 1797 1882 bonitas.
1836 1853 1915 1888 Quia
1941 1855 2038 1880 tamen
2065 1854 2140 1879 nota

1271 1897 1316 1922 est
1341 1892 1545 1921 affirmationis
1570 1892 1649 1928 apud
1675 1892 1836 1926 Hebraeos,
1861 1890 1969 1927 placuit
1996 1887 2139 1918 reddere:

1270 1931 1380 1968 Utique
1407 1934 1512 1959 tamen.
1551 1929 1611 1959 Nee
1638 1939 1708 1959 vero
1731 1929 1829 1958 dubito
1855 1931 1923 1965 quin
1952 1926 2040 1956 variis
2066 1934 2138 1955 eam

1271 1968 1477 1999 tentationibus
1510 1971 1643 2005 opponat,
1679 1967 1784 2004 quibus
1820 1967 1947 1996 animum
1984 1965 2045 1994 eins
2075 1963 2139 1994 huo

1271 2007 1339 2036 illuc
1358 2007 1515 2044 impulsum
1537 2007 1624 2034 fuisse
1645 2005 1779 2034 credibile
1798 2010 1850 2034 eet.

1347 2045 1392 2075 23.
1414 2044 1544 2084 (Diligite
1563 2043 1715 2082 Momm.)
1755 2043 1820 2073 Non
1841 2043 1973 2072 hortatur
1992 2040 2048 2075 hio,
2068 2049 2140 2070 meo

1271 2083 1385 2117 iudicio.
1433 2084 1474 2113 ios
1494 2082 1531 2111 ad
1549 2081 1606 2111 Dei
1625 2082 1759 2111 timorem
1779 2086 1807 2111 et
1829 2081 2034 2113 reverentiam,
2059 2079 2142 2108 sicut

1273 2123 1358 2152 multi
1378 2130 1415 2151 vo
1430 2126 1497 2150 unt:
1522 2120 1574 2149 sed
1601 2125 1713 2149 tantum
1734 2129 1782 2148 eos
1802 2119 1839 2148 ad
1858 2119 1994 2148 fiduciam
2013 2116 2140 2157 animat.

1273 2171 1305 2191 se
1341 2162 1365 2190 si
1403 2159 1515 2189 iuberet
1544 2167 1663 2196 prorsus
1699 2158 1829 2187 addictos
1864 2167 1927 2187 esse
1957 2157 2028 2190 Deo,
2068 2165 2142 2194 spes

1273 2209 1373 2228 omnes
1401 2208 1469 2228 suas
1499 2197 1530 2226 in
1560 2205 1626 2226 eum
1656 2196 1806 2230 conficere.
1836 2201 1866 2225 et
1895 2197 1923 2225 in
1954 2204 1989 2224 eo
2018 2195 2143 2230 penitus

1273 2247 1306 2267 ac
1327 2238 1463 2273 uieecere,
1483 2245 1520 2264 ne
1540 2235 1597 2264 alio
1614 2235 1752 2263 ferantur.
1773 2234 1859 2264 Unde
1879 2234 1955 2262 enim
1977 2234 2009 2261 fit
2027 2236 2062 2260 ut
2082 2242 2142 2262 nos

1273 2247 1417 2305 obiectant
1437 2278 1534 2304 nostra
1553 2274 1699 2310 figmenta.
1720 2273 1775 2301 nisi
1797 2273 1864 2310 quia
1880 2281 1937 2301 non
1954 2271 2030 2308 sapit
2049 2271 2140 2300 nobie

1275 2314 1362 2348 Deus¹
1394 2317 1424 2342 ut
1453 2321 1508 2350 par
1537 2316 1613 2345 erat,
1643 2320 1696 2340 nec
1725 2311 1753 2340 ei
1782 2320 1884 2340 sensus
1912 2318 2012 2339 omnes
2041 2309 2140 2338 nostri

1273 2351 1455 2382 adhaerent?
1481 2358 1570 2388 quare
1597 2349 1711 2378 dileetio
1742 2349 1814 2378 haec
1841 2352 1975 2377 votorum
2002 2347 2142 2376 omnium

1274 2399 1417 2419 summam
1438 2389 1466 2418 in
1487 2398 1519 2418 se
1537 2387 1672 2417 continet.
1711 2387 1891 2416 Naturaliter
1911 2387 1984 2415 bene
2003 2389 2032 2414 et
2050 2385 2142 2414 beate

1274 2428 1330 2457 sibi
1350 2437 1412 2457 esse
1432 2427 1553 2464 cupiunt
1572 2434 1684 2455 omnes:
1713 2426 1765 2455 sed
1784 2424 1854 2455 dum
1873 2425 1964 2454 maior
1985 2433 2051 2460 pars
2072 2423 2142 2453 ille-

1273 2467 1366 2496 cebris
1386 2465 1489 2494 mundi
1508 2468 1592 2501 capta
1610 2463 1761 2493 mendacia
1781 2468 1811 2492 et
1837 2463 2010 2500 imposturas
2030 2461 2140 2499 diligit,

1275 2505 1325 2533 vix
1344 2503 1520 2533 centesimus
1538 2503 1658 2538 quisque
1679 2506 1806 2531 mentem
1825 2502 1861 2530 ad
1883 2501 1978 2529 Deum
1998 2500 2140 2536 applicat.
