2396 3041
355 334 412 364 415

355 428 412 455 que
443 418 560 456 propius
589 417 762 447 coniunctus
790 422 836 447 est
860 417 937 454 Deo,
968 416 1072 447 melius
1101 418 1131 446 in
1161 418 1223 447 eius

355 466 388 486 oo
411 456 520 485 uitione
541 455 667 493 profecit.
698 455 762 485 Iam
783 457 808 485 si
829 456 909 486 Deus
929 465 987 485 nou
1007 460 1123 485 tantum
1139 455 1223 486 nobis

356 504 373 524 v
409 500 420 522 t
438 494 612 532 gratificari,
640 499 671 522 ut
690 494 732 523 ita
751 494 869 532 loquar,
898 494 949 523 sed
968 494 1150 523 miseriarum
1171 503 1224 523 no-

355 537 484 562 strarum
509 531 676 569 sympathia
702 533 783 568 tangi
810 532 929 566 dicitur.
957 537 991 561 ut
1016 533 1056 561 sit
1081 533 1163 561 nobis
1190 542 1223 561 eo

356 570 519 604 humanior,
541 579 596 607 quo
616 570 709 608 magis
728 579 828 600 eumue
844 570 958 600 miseri:
979 570 1061 600 ouius
1077 569 1223 600 socordiae

354 612 431 637 esset
451 617 511 636 non
532 608 631 637 statim
653 608 689 637 ad
708 618 776 637 eum
796 608 968 638 accurrere?
998 607 1057 638 Sed
1072 609 1138 646 quia
1158 618 1224 646 pec-

354 647 426 675 catis
446 647 553 675 nostrie
574 647 732 675 bonitatem
759 647 820 675 eius
848 655 865 676 a
890 647 974 676 nubis
1000 656 1146 682 arcemus,
1174 657 1223 676 no-

355 684 453 721 bisque
478 684 655 714 obstruimus
680 693 844 714 aooeseum:
874 685 929 714 nisi
958 685 1011 714 hoc
1040 684 1222 714 obstaculum

353 728 473 760 superet
491 722 548 751 Dei
567 722 689 758 bonitas,
708 723 817 752 frustra
836 722 872 752 de
892 723 956 752 eius
975 722 1071 760 gratia
1091 727 1119 751 et
1139 723 1223 752 mise-

355 761 480 790 ricordia
500 761 676 790 dissererent.
695 761 861 798 prophetae.
895 761 965 790 Ideo
984 761 1060 798 quod
1081 761 1221 798 sequitur,

353 798 514 828 necessario
535 797 699 828 addendum
720 799 788 828 fuit:
815 800 885 836 quia
902 808 1022 836 magnus
1046 801 1087 828 est
1111 799 1223 828 clemen-

353 837 404 873 tia,
424 836 549 874 peccatis
569 845 633 866 eum
655 837 813 874 ignoscere,
842 843 872 866 et
892 837 1015 866 tolerare
1035 837 1106 866 vitia
1127 837 1220 866 homi·

353 884 439 912 nom,
466 879 500 903 ut
525 874 612 903 etiam
641 875 769 912 indignis
789 875 933 912 propitius
950 877 997 905 sit.
1037 877 1102 904 Etsi
1122 879 1220 904 autem

352 913 455 950 impios
475 922 587 950 quoque
606 914 751 951 patienter
770 913 851 942 Deus
870 914 1004 949 sustinet,
1033 914 1102 950 quia
1122 919 1220 942 tamen

351 950 552 988 percipiendae
572 951 676 980 veniae
696 960 817 988 capaces
836 960 895 980 nou
920 957 1004 987 suut,
1033 951 1220 990 peculiariter

352 989 389 1018 ud
415 989 491 1018 solos
517 989 617 1018 fideles
642 989 778 1026 dirigitur
804 990 875 1019 hacc
901 989 1045 1025 doctrina,
1076 991 1127 1026 qui
1153 991 1220 1019 vivo

350 1027 418 1056 fidei
437 1037 525 1056 sensu
543 1027 597 1056 Dei
615 1027 774 1056 bonitatem
793 1028 965 1065 percipiunt.
997 1028 1071 1057 Nam
1090 1028 1219 1065 reprobis

352 1065 470 1101 dicitur,
497 1065 546 1094 Ad
566 1065 633 1102 quid
654 1066 735 1095 vobis
752 1066 813 1095 dies
832 1065 973 1096 Domini?
1001 1065 1139 1096 tenebrae
1159 1066 1219 1096 dies

350 1103 409 1138 ille,
429 1110 459 1132 et
476 1113 534 1132 non
550 1103 618 1133 lux:
639 1104 765 1138 afflictio,
783 1110 812 1133 et
828 1113 886 1132 uon
903 1105 1016 1133 laetitia
1032 1105 1123 1133 Amos
1134 1105 1161 1139 5.
1175 1105 1218 1134 18.

350 1142 391 1170 Et
410 1141 544 1171 videmus
570 1151 657 1178 quam
684 1141 794 1170 duriter
819 1143 917 1171 statim
947 1142 983 1170 ab
1009 1143 1091 1171 initio
1118 1148 1218 1172 contra

351 1189 400 1209 eos
427 1179 563 1209 fulminet
584 1179 701 1209 Nabum
723 1181 749 1215 1,
771 1181 797 1209 3.
836 1181 994 1218 Postquam
1020 1181 1098 1210 onim
1125 1181 1219 1218 elogia

352 1218 423 1247 haee
439 1227 478 1247 ex
493 1219 576 1247 Mose
592 1218 700 1251 retulit.
721 1227 758 1247 ne
774 1219 888 1248 animos
904 1219 972 1248 inde
988 1219 1130 1253 attollant,
1151 1229 1218 1248 mox

350 1256 439 1284 infert
460 1267 496 1285 ex
516 1256 655 1294 opposito.
676 1257 756 1285 Deus
777 1257 888 1293 rigidus
904 1262 950 1285 est
963 1267 997 1285 ae
1013 1267 1141 1293 severus,
1162 1263 1218 1286 ter·

349 1293 441 1324 ribilis
468 1299 498 1324 et
521 1294 710 1324 inexorabilis
735 1295 834 1324 iudex.
879 1295 984 1324 Restat
1016 1304 1085 1332 ergo
1111 1301 1145 1325 ut
1170 1296 1218 1332 qui

350 1332 411 1362 suis
430 1333 557 1370 peccatis
580 1334 653 1362 iram
675 1332 730 1362 Dei
758 1339 968 1370 provocarunt,
997 1332 1129 1363 favorem
1155 1334 1218 1363 eius

350 1370 407 1399 fide
427 1371 482 1399 sibi
502 1371 698 1400 reconcilient.

427 1409 453 1438 9.
475 1408 586 1446 (Bonus
606 1409 708 1439 Iehovo
727 1408 874 1454 omnibus.)
912 1409 1015 1439 Latius
1040 1413 1122 1446 patet
1145 1409 1218 1440 haec

350 1448 494 1476 sententia
523 1456 610 1484 quem
641 1447 787 1484 superior:
822 1456 892 1484 qma
926 1448 974 1478 hic
1011 1453 1218 1477 commemorat

351 1485 448 1514 David
477 1485 571 1514 Deum
599 1495 657 1514 non
687 1485 772 1514 modo
801 1491 922 1523 paterna
950 1485 1130 1524 indulgentie.
1159 1485 1218 1515 ole-

348 1529 462 1552 menter
481 1523 632 1560 ignoscere
651 1523 778 1560 delictis,
803 1523 853 1553 aed
874 1525 1034 1561 promiscue
1056 1523 1216 1553 beneficum
1242 1549 1243 1556 ,

349 1570 412 1591 esse
432 1571 504 1599 erga
521 1571 637 1597 omnes,
664 1562 749 1592 sicuti
770 1562 838 1591 oriri
858 1561 929 1592 facit
949 1562 1038 1592 solem
1065 1572 1149 1592 suum
1170 1572 1218 1592 su-

350 1609 403 1637 per
422 1599 514 1629 bonos
534 1606 564 1629 et
583 1600 690 1636 malos,
717 1600 824 1630 Mutth.
844 1600 870 1636 5.
890 1600 936 1630 45.
977 1600 1122 1636 Quamvis
1148 1609 1218 1638 ergo

351 1644 535 1674 pennatorum
556 1639 689 1668 remissio
708 1638 863 1668 thesaurus
883 1639 920 1668 sit
940 1639 1056 1669 clausus
1077 1638 1216 1675 reprobis,

350 1686 408 1706 nou
428 1682 527 1706 tamen
547 1677 644 1706 Deum
663 1676 785 1714 impedit
803 1677 934 1714 ipsorum
961 1677 1071 1706 malitia
1097 1682 1127 1706 et
1150 1686 1216 1714 pra-

349 1714 425 1744 vitas
445 1714 600 1751 quominus
619 1715 649 1743 in
671 1724 719 1744 eos
746 1723 861 1752 quoque
886 1724 968 1744 suem
995 1714 1154 1744 bonitatem
1179 1715 1218 1744 ef-

349 1752 455 1782 fundat
475 1753 564 1788 Deus,
585 1753 635 1782 sed
655 1763 742 1789 quam
763 1755 826 1782 sine
845 1763 933 1782 sensu
952 1753 1103 1782 devorant.
1136 1753 1216 1782 Inte·

349 1800 400 1820 rea
418 1790 471 1820 soli
492 1790 591 1820 fideles
617 1797 724 1820 norunt
750 1791 819 1828 quid
844 1791 881 1820 sit
907 1791 1032 1828 propitio
1054 1790 1118 1820 Deo
1143 1791 1216 1820 frui:

348 1829 433 1858 sicuti
453 1829 521 1857 alibi
538 1829 651 1862 dicitur,
671 1829 810 1858 Accedite
826 1828 863 1857 ad
879 1838 946 1858 eum
965 1835 993 1858 et
1008 1829 1216 1859 illuminamini

349 1872 380 1895 et
399 1866 489 1896 facies
508 1873 624 1896 vestrae
644 1876 701 1896 nou
729 1867 892 1904 pudefient:
922 1872 1038 1904 gustate
1064 1873 1093 1896 ot
1119 1868 1216 1897 videto

350 1914 438 1942 quam
458 1905 555 1934 suavis
576 1905 617 1934 sit
634 1904 759 1940 Iehova,
785 1904 861 1934 Psal.
883 1905 929 1941 34,
950 1906 976 1934 6.
1016 1905 1101 1942 Quod
1129 1906 1216 1942 paulo

350 1947 417 1980 post
436 1941 541 1972 dicitur
559 1943 753 1973 misericordia
772 1943 830 1972 Des·
847 1952 877 1972 se
895 1944 1036 1974 extendere
1061 1944 1099 1973 ad
1123 1944 1217 1973 omnio

348 1990 432 2016 opem
452 1983 529 2016 eius,
559 1990 651 2018 neque
671 1981 844 2016 absurdum¹
872 1991 967 2018 neque
993 1983 1098 2010 durum
1125 1983 1216 2011 videri

350 2018 443 2048 debet.
483 2019 560 2048 Nam
582 2029 671 2056 quum
713 2026 810 2048 ecoata
829 2026 929 2048 nostra
956 2025 1048 2048 totum
1074 2020 1216 2048 muudum

348 2057 503 2086 involvant
527 2057 585 2086 Dei
612 2029 829 2093 maledictione,
859 2057 964 2095 ubique
990 2058 1068 2087 locus
1095 2063 1139 2087 est
1162 2058 1217 2087 mi-

350 2095 521 2125 sericordiae
548 2095 624 2130 Dei,
653 2102 687 2124 ut
714 2096 806 2125 brutis
833 2096 920 2125 etiam
950 2095 1125 2126 animalibus
1152 2097 1238 2126 sub-¹

351 2133 459 2162 veniat.

428 2171 471 2201 10.
491 2170 684 2210 (Cdebrabunt
708 2175 733 2202 te
759 2171 870 2201 Iehova.
929 2172 1084 2202 Concludit
1109 2171 1216 2208 David,

349 2211 482 2246 quamvis
508 2210 592 2239 multi
616 2211 705 2247 impio
731 2211 847 2240 silentio
904 2211 931 2240 ei
958 2211 1057 2240 laudes
1084 2211 1216 2246 obruant.

351 2247 456 2289 ubique
477 2254 573 2276 tamen
592 2248 671 2285 ipsas
690 2249 810 2286 fulgere,
836 2254 995 2286 sponteque
1016 2259 1166 2278 occurrere
1186 2254 1216 2278 et

349 2286 431 2323 quasi
452 2295 589 2315 resonare
609 2287 639 2315 in
661 2287 749 2316 mutis
770 2287 920 2316 creaturis.
959 2286 1073 2316 Deinde
1089 2287 1216 2324 speciale

351 2325 534 2362 praeconium
553 2325 689 2354 attribuit
706 2325 851 2361 fidelibus,
870 2326 918 2362 qui
942 2332 969 2355 et
988 2326 1079 2356 oculis
1093 2325 1215 2362 praediti

350 2368 421 2391 sunt
441 2363 477 2390 ad
496 2362 706 2392 consideranda
719 2364 772 2392 Dei
794 2373 888 2400 opera.
909 2368 939 2392 et
951 2364 1048 2393 sciunt
1065 2364 1138 2392 nihil
1152 2373 1216 2392 esse

350 2401 446 2438 potius
464 2401 540 2438 quod
562 2406 664 2438 agant.
690 2410 777 2438 quam
806 2407 838 2430 ut
857 2411 888 2430 se
908 2406 1062 2431 exerceant
1081 2402 1113 2431 iu
1132 2410 1213 2439 prae-

350 2439 480 2468 dicandis
500 2439 562 2468 eius
589 2439 744 2469 benefieiis.
783 2439 868 2476 Quod
895 2449 963 2468 mox
990 2439 1122 2474 additur,
1150 2439 1214 2470 Glo-

350 2478 425 2506 n'om
443 2478 525 2515 reyni
539 2477 582 2506 tui
601 2477 699 2514 dicae,
719 2477 755 2506 ad
771 2478 849 2506 solos
865 2477 965 2506 fideles
979 2478 1082 2508 refero.
1113 2477 1214 2514 Quan-

350 2524 435 2553 quam
457 2516 482 2545 si
501 2515 605 2553 quibus
626 2517 719 2554 magis
737 2516 851 2554 placeat
869 2516 1043 2553 generaliter
1063 2516 1101 2545 ad
1113 2525 1214 2545 omues

1077 332 1271 364 PSALMUS
1293 332 1416 363 CXLV.

2081 331 2143 362 416

1269 416 1326 446 Dei
1346 421 1495 446 creaturas
1514 415 1638 451 trahere,
1659 426 1717 446 non
1737 425 1878 454 repugno.
1917 415 1978 446 Sed
1998 415 2140 446 distincta

1269 455 1344 484 ratio
1371 454 1508 492 docendi,
1538 455 1622 484 cuius
1646 454 1695 484 hic
1721 454 1855 484 meminit
1879 453 1993 491 David,
2019 454 2142 484 nonnisi

1269 494 1377 522 sanctis
1396 494 1542 523 convenit.
1581 492 1708 529 Ideoque
1727 494 1859 522 futurum
1880 496 1996 529 tempus
2023 492 2054 521 in
2074 502 2141 521 ver·

1269 531 1313 560 bie
1333 532 1456 567 retineo,
1481 531 1557 568 quod
1578 531 1628 560 alii
1649 531 1800 560 resolvunt
1819 531 1848 560 iu
1870 530 1988 560 modum
2007 530 2139 568 optandi.

1269 568 1424 599 Caeterum
1446 568 1499 599 sub
1517 569 1595 606 requi
1615 578 1686 600 voce
1706 568 1850 607 signifieat
1870 567 1968 598 David
1988 567 2046 599 buc
2073 573 2140 599 ten-

1269 607 1337 636 dere
1357 608 1619 636 manifestationem
1638 617 1759 645 operum
1774 607 1838 641 Dei,
1859 611 1893 635 ut
1912 611 1991 636 totus
2007 606 2087 636 orbis
2107 607 2139 636 in

1268 645 1398 675 ordinem
1429 650 1544 675 coaetus
1577 647 1639 675 eius
1665 646 1786 682 imperio
1810 654 1841 674 se
1866 645 2009 675 subiiciat.
2049 645 2140 676 Com·

1268 684 1387 713 mandat
1407 693 1474 713 vero
1496 683 1579 721 regui
1599 683 1816 721 praestantiam,
1838 687 1870 712 ut
1888 683 1983 713 sciant
2002 683 2139 714 homines

1268 722 1366 751 omnia
1385 731 1448 751 esse
1468 730 1606 759 perversa
1624 727 1654 750 et
1674 722 1804 755 confusa.
1825 721 1882 750 nisi
1904 721 2030 751 emineat
2057 721 2139 752 solus

1267 759 1355 788 Deus.
1397 761 1504 790 Postea
1522 759 1668 789 exclamat
1686 769 1811 796 regnum
1834 759 1888 788 hoo
1906 758 2026 788 minime
2046 760 2138 789 cadu-

1268 806 1333 827 cum
1355 807 1431 836 esse,
1457 802 1491 828 ut
1510 802 1580 827 sunt
1599 803 1715 828 terrena.
1734 798 1841 833 omnia,
1861 797 1912 827 sed
1931 797 2048 827 firmum
2069 807 2137 836 pet-

1268 841 1355 873 petuo
1376 843 1462 866 stare.
1491 836 1588 873 Atque
1609 841 1642 865 ut
1661 837 1733 866 haee
1752 836 1909 865 aeternitas
1928 836 2071 866 attentius
2091 845 2137 866 rc-

1268 876 1394 910 putetur,
1414 884 1484 912 prae
1504 875 1696 904 admiratione
1725 874 1894 904 exclamans
1913 883 2078 904 sermonem
2098 874 2136 903 ad

1267 911 1366 942 Deum
1385 913 1480 950 ipsum
1501 912 1611 950 dirigit.

1343 989 1388 1018 14.
1412 989 1577 1019 Samnium
1596 989 1700 1018 Ielma
1719 998 1814 1019 omnes
1831 989 1962 1024 cadentes,
1983 990 2009 1017 et
2026 989 2138 1026 eripe-us

1266 1035 1357 1056 mnes
1375 1030 1512 1058 emotas.
1554 1028 1599 1058 15.
1623 1027 1703 1056 Oculi
1722 1028 1847 1056 omnium
1868 1026 1906 1056 od
1924 1029 1949 1056 te
1967 1028 2091 1063 wart,
2109 1029 2137 1056 et

1265 1067 1295 1094 tu
1313 1065 1368 1094 das
1386 1065 1448 1095 iuis
1465 1067 1556 1096 cibum
1575 1067 1700 1103 ipsomn
1719 1068 1838 1102 tempore
1863 1074 1921 1094 suo.
1963 1064 2008 1094 16.
2026 1063 2137 1102 Aperis

1264 1112 1380 1133 manum
1398 1106 1484 1140 mm,
1503 1106 1529 1134 et
1547 1105 1636 1134 satias
1656 1112 1736 1133 omne
1755 1105 1850 1133 vivens
1868 1103 2039 1140 beneplacito.

1342 1179 1387 1209 14.
1408 1177 1585 1219 (Subtmtons
1605 1180 1706 1210 ,renova
1727 1178 1841 1219 omues.)
1879 1179 2026 1216 Exempla
2046 1187 2136 1217 quae-

1264 1217 1332 1246 dam
1353 1219 1487 1248 bonitatis
1508 1225 1538 1248 et
1556 1219 1727 1249 clementiae
1740 1218 1798 1248 Dei
1813 1221 1952 1252 recenset,
1971 1226 2010 1246 ex
2028 1216 2136 1255 quibus

1264 1262 1383 1293 apparet
1404 1256 1501 1286 Deum
1522 1267 1578 1286 non
1599 1256 1741 1286 dominari
1763 1257 1822 1285 nisi
1840 1256 1870 1284 in
1891 1255 2038 1293 publicam
2058 1255 2135 1285 saln-

1266 1299 1325 1323 tem
1346 1295 1465 1324 humani
1486 1295 1610 1332 generis.
1650 1295 1709 1324 Per
1727 1295 1852 1325 cadentes
1871 1297 1896 1324 et
1914 1296 2044 1324 marnam
2071 1303 2135 1324 me·

1266 1332 1411 1368 taphni-ine
1424 1333 1563 1370 intelligit
1576 1332 1740 1371 quicunque
1754 1334 1841 1362 rebus
1857 1331 1988 1362 adversis
2003 1332 2136 1371 oppressi

1264 1380 1334 1398 mox
1354 1371 1574 1400 succumberent
1595 1371 1649 1401 nisi
1670 1372 1752 1400 Deus
1773 1381 1893 1400 manum
1918 1370 1954 1399 ad
1973 1381 2023 1399 eos
2049 1370 2135 1400 fulci·

1264 1408 1355 1438 eudon
1374 1410 1542 1446 porrigeret.
1582 1409 1706 1439 Summa
1725 1414 1777 1446 est,
1798 1408 1893 1439 Deum
1914 1409 2060 1446 respicere
2080 1409 2135 1438 ho-

1264 1446 1374 1476 minum
1397 1457 1560 1482 aerumnas,
1581 1453 1613 1477 ut
1628 1447 1825 1478 laborantibus
1845 1451 2005 1477 succurrat.
2045 1445 2133 1476 Unde

1265 1485 1405 1522 sequitur,
1424 1485 1547 1523 dignum
1567 1495 1629 1515 esse
1656 1495 1715 1514 non
1741 1485 1827 1514 modo
1850 1495 1936 1523 quem
1962 1490 2134 1514 reverenter

1264 1524 1424 1560 suspiciant
1444 1525 1538 1553 cuncti
1560 1525 1697 1553 mortales
1716 1525 1747 1553 in
1766 1525 1845 1553 coelo
1866 1528 2054 1560 regnantemv
2080 1521 2134 1553 ced

1264 1562 1310 1592 cui
1331 1561 1472 1599 regendos
1493 1562 1617 1592 libenter
1636 1567 1667 1592 et
1684 1562 1788 1600 cupide
1807 1571 1838 1592 se
1864 1561 2044 1599 permittant.
2084 1560 2135 1590 Iu-

1266 1606 1342 1629 terea
1369 1600 1521 1635 admouet,
1552 1600 1671 1630 minime
1700 1601 1871 1630 frustratum
1900 1600 1937 1629 iri
1967 1600 2134 1637 quicunque

1264 1637 1399 1667 solatium
1419 1639 1481 1668 suis
1501 1639 1626 1668 miseriis
1645 1648 1663 1668 a
1682 1639 1747 1668 Deo
1767 1642 1873 1675 petent.

1342 1676 1386 1706 15.
1408 1675 1502 1714 (Ouidi
1521 1677 1651 1707 omnium.
1702 1676 1921 1707 Documentum
1948 1674 2029 1705 aliud
2049 1674 2134 1704 boui·

1265 1714 1333 1743 tatis
1352 1714 1410 1743 Dei
1429 1715 1542 1752 profert
1560 1714 1638 1744 Davi
1661 1737 1668 1752 ‚
1692 1715 1769 1752 quod
1795 1714 1907 1744 eunctis
1932 1713 2133 1743 animantibus

1264 1753 1374 1781 victum
1395 1753 1583 1790 suppeditans
1602 1753 1843 1790 patremfamilias
1862 1763 1893 1782 se
1909 1752 1968 1781 illie
1983 1751 2134 1781 exhibeat.

1264 1789 1392 1827 Quidam
1421 1791 1610 1829 interpretes,
1639 1790 1756 1820 adducti
1786 1791 1875 1820 verbo
1910 1789 2060 1828 sperandi,
2095 1789 2135 1819 ad

1264 1829 1341 1858 solos
1369 1828 1505 1859 homines
1529 1829 1585 1859 boo
1610 1830 1795 1868 restringunt
1823 1829 1935 1859 ratione
1963 1833 1994 1857 et
2022 1827 2135 1857 intelli·

1264 1868 1362 1902 gentis
1376 1867 1531 1904 praeditos,
1545 1874 1579 1897 nt
1595 1868 1734 1897 alimenta
1749 1877 1766 1897 a
1782 1869 1899 1897 coelesti
1937 1870 2000 1896 atre
2015 1871 2134 1903 petant:

1264 1906 1332 1942 quia
1360 1904 1446 1934 bruta
1472 1906 1611 1934 animalia
1638 1907 1702 1934 visu
1724 1910 1837 1934 tantum
1857 1910 1888 1934 et
1905 1915 1923 1934 o
1937 1905 2014 1934 factu
2034 1904 2134 1934 cibum

1264 1949 1415 1980 quaerunt.
1456 1943 1567 1973 Verum
1597 1944 1733 1981 quamvis
1764 1944 1895 1982 ingenita
1923 1943 1982 1972 illis
2008 1951 2067 1971 uon
2091 1942 2135 1972 ait

1264 1982 1339 2010 ratio
1366 1987 1398 2010 ut
1424 1982 1569 2018 pendeant
1588 1992 1606 2011 a
1627 1983 1683 2011 Dei
1713 1983 1904 2019 providentia,
1934 1983 2003 2018 quia
2031 1984 2134 2010 tamen

1264 2019 1419 2048 necessitas
1435 2020 1499 2057 ipsu
1512 2029 1617 2049 arcano
1635 2020 1757 2057 quodam
1777 2020 1916 2049 instinctu
1932 2029 1968 2048 ea
1982 2018 2019 2048 ad
2032 2018 2134 2048 cibum

1268 2057 1464 2095 quaerendum
1484 2057 1640 2095 compellit,
1661 2068 1718 2088 uon
1739 2058 1791 2088 abs
1811 2068 1843 2088 re
1863 2057 2000 2088 dicuntur
2019 2056 2050 2086 in
2065 2056 2133 2087 Deo

1265 2105 1398 2132 sperare:
1428 2097 1512 2125 sicuti
1540 2097 1610 2126 alibi
1640 2097 1777 2127 dicuntur
1806 2105 1872 2126 eum
1902 2097 2037 2125 invocare
2058 2095 2134 2132 pulli

1264 2143 1426 2170 corvorum,
1455 2134 1535 2163 Psal-
1556 2135 1619 2172 147ΙΙ
1640 2136 1667 2164 9.
1706 2135 1765 2171 Qui
1785 2145 1854 2165 vcro
1874 2134 1912 2163 ad
1931 2134 2066 2163 homines
2083 2143 2133 2163 re-

1262 2172 1421 2209 stringunt,
1446 2183 1481 2201 ne
1507 2172 1563 2202 hoo
1588 2174 1703 2210 quidem
1725 2174 1808 2203 modo
1827 2173 1886 2202 effu
1909 2172 1975 2202 ‘unt
1993 2170 2134 2202 absurdi-

1264 2215 1366 2239 tatem:
1387 2211 1455 2247 quia
1473 2211 1554 2248 impii
1575 2211 1665 2240 nihilo
1685 2212 1779 2249 magis
1795 2221 1882 2249 quam
1938 2219 1988 2241 ves
2004 2215 2034 2239 et
2046 2210 2133 2244 asini,

1263 2247 1300 2277 ud
1315 2252 1467 2285 paternam
1483 2249 1538 2278 Dei
1554 2259 1654 2278 curam
1672 2250 1775 2278 attenti
1795 2253 1873 2278 sunt
1903 2248 2029 2286 Quando
2038 2248 2133 2286 igitur

1262 2287 1303 2315 ita
1323 2287 1497 2325 compositus
1517 2292 1562 2317 est
1582 2293 1702 2317 naturae
1722 2287 1801 2323 ordo,
1820 2292 1854 2317 ut
1868 2292 1974 2318 cuneta
1991 2286 2133 2316 animalia

1262 2325 1392 2354 ferantur
1423 2325 1459 2355 aad
1488 2335 1572 2355 suum
1602 2326 1752 2362 opificem,
1782 2335 1841 2355 non
1870 2325 1946 2355 male
1975 2325 2133 2355 conveniet

1262 2363 1396 2392 affectum
1417 2363 1464 2392 hic
1485 2373 1535 2400 pro
1555 2373 1586 2392 re
1606 2364 1670 2401 ipsa
1690 2373 1752 2393 esee
1773 2366 1909 2402 positum.
1936 2363 1976 2392 Et
1994 2363 2131 2400 proximo

1262 2411 1347 2431 versu
1376 2401 1488 2430 tollitur
1513 2401 1608 2431 omnis
1633 2403 1816 2440 ambiguitas,
1847 2403 1895 2432 ubi
1914 2401 2022 2431 dicitur
2041 2410 2132 2432 omne

1260 2439 1368 2469 animal
1389 2439 1522 2469 saturari.
1562 2439 1642 2469 Dicit
1660 2445 1757 2470 autem
1777 2440 1836 2471 illis
1855 2440 1918 2470 dari
1935 2439 2026 2470 cibum
2044 2448 2131 2470 suum

1261 2483 1290 2506 et
1316 2480 1433 2515 tempore
1462 2487 1520 2514 suo,
1549 2478 1619 2515 quia
1643 2479 1768 2508 varietas
1794 2478 1805 2508 i
1841 2487 1859 2508 a
1886 2478 1982 2516 magis
2000 2478 2132 2508 illustrat

1261 2516 1319 2546 Dei
1334 2515 1557 2554 providentiam,
1572 2517 1642 2546 dum
1658 2517 1782 2554 siugulis
1818 2519 1913 2546 iversa
1926 2520 1972 2546 est
1991 2515 2131 2554 pascendi
