2396 3041
458 312 496 353 35

459 408 575 438 abesset
599 409 695 438 omnis
720 408 887 445 ostentatio,
913 417 931 438 a
957 407 1181 438 refutationibus
1206 412 1240 438 ut

459 462 619 500 plurimum
639 461 775 498 abstinui,
795 461 845 492 ubi
857 461 975 491 liberior
993 461 1112 499 patebat
1130 461 1240 499 plausi-

460 515 528 546 bilis
547 515 701 546 iactantiae
726 523 855 553 campus.
894 515 996 553 Neque
1021 523 1151 552 unquam
1170 523 1239 544 oon-

461 569 568 599 trarias
595 569 756 599 sententias
789 569 882 607 attigi,
913 568 970 598 nisi
998 567 1048 598 ubi
1077 568 1240 606 periculum

461 627 527 653 erat
545 633 583 652 ne
602 622 727 652 taoendo
747 622 850 652 dubios
869 631 903 652 ao
922 621 1077 660 perplexos
1096 621 1237 659 relinque-

461 686 526 706 rem
544 676 681 706 lectores.
725 675 789 706 Neo
807 685 855 705 me
875 675 946 705 latet
964 678 1074 713 quanto
1093 675 1241 705 suaviores

461 729 626 760 multissint
638 728 801 765 illeoebrue,
815 738 851 758 ex
862 728 1017 766 multiplici
1027 728 1161 766 congerie
1170 737 1241 765 sng-

463 792 565 821 gerere
578 782 734 812 materiam
750 782 895 812 ambitiosi
909 780 1089 819 splendoris:
1105 781 1156 811 sed
1166 780 1240 810 nihil

461 836 556 874 pluris
561 836 628 870 fuit,
640 844 728 873 quam
736 835 876 865 eoolesiee
883 834 1078 865 sedifioationi
1083 834 1242 865 oonsulere.

462 889 554 918 Fuit
572 889 663 925 Deus,
687 889 739 927 qui
758 888 831 918 mihi
851 888 932 918 huno
950 888 1082 918 animum
1102 887 1189 922 dedit,
1209 890 1243 917 ut

462 951 612 973 suoeessus
631 942 720 972 etiam
739 941 925 980 respondent.

539 1018 687 1054 Genevae,
707 1018 748 1048 X.
760 1017 906 1048 Calendas
923 1018 1060 1056 Augusti.
1080 1016 1243 1047 MDLVII.

2206 324 2245 353 36

1379 407 1415 437 de
1434 407 1576 445 proufiter
1595 416 1655 437 eux
1674 416 1756 445 gene.
1788 407 1828 437 Et
1847 411 1986 445 pour-tant
2004 416 2062 437 non
2081 407 2244 437 seulement

1378 445 1438 483 i‘ny
1457 446 1579 476 observo
1595 454 1649 483 par
1667 449 1733 475 tout
1750 454 1807 475 une
1827 446 1931 483 simple
1951 446 2031 482 ἱερου
2051 445 2242 484 d’enseigner,

1378 483 1454 512 mnis
1473 484 1551 513 aussi
1571 483 1631 513 efin
1652 483 1688 513 de
1714 484 1907 522 m'eslongner
1928 487 1991 513 tant
2014 484 2081 522 plus
2101 484 2137 514 de
2163 488 2244 514 toute

1379 522 1565 558 ostentation,
1590 522 1618 551 ie
1638 531 1684 551 me
1704 522 1765 551 suis
1784 521 1906 551 abstenu
1925 522 1953 552 le
1998 521 2043 551 lus
2062 526 2188 552 souveut
2207 522 2244 552 de

1379 560 1490 589 refutet
1509 560 1553 589 les
1572 563 1684 589 autres:
1704 560 1754 597 qui
1774 560 1861 590 estoit
1879 565 1928 590 tou
1986 560 2029 590 oie
2047 560 2185 590 l'endroit
2204 569 2244 590 ou

1380 597 1491 636 i’avoye
1519 598 1587 636 plue
1617 598 1691 628 belle
1720 598 1840 628 matiere
1863 598 1898 628 de
1924 608 1972 628 me
2002 602 2146 628 monstror
2172 608 2245 628 eveo

1379 635 1697 712 ffipiiu‘ffissfflffiaffss
1713 636 2245 712 ffizth‘zffisssussffiffiofiffaessaffisszt·

1380 712 1465 741 sinon
1484 712 1516 741 ln
1535 722 1572 742 ou
1592 712 1614 742 il
1635 713 1720 742 estoit
1738 716 1757 742 ὲ,
1776 713 1909 743 oraindre
1928 714 2015 750 qu’en
2034 713 2110 742 m’en
2137 714 2247 743 taieent

1379 750 1408 779 ie
1427 750 1562 781 lnissasse
1581 751 1624 781 les
1648 751 1774 781 leoteurs
1798 761 1835 781 en
1860 760 1992 789 suspens.
2027 751 2199 789 Gependsnt
2218 751 2246 780 ie

1381 796 1450 827 soay
1469 788 1601 819 oombien
1627 789 1776 827 plusieurs
1795 792 2007 827 trouveroyent
2025 790 2124 819 mieux
2144 793 2163 819 n
2181 789 2247 819 leur

1401 832 1477 862 oust,
1495 828 1583 864 qu’on
1599 827 1669 857 feist
1687 837 1728 857 un
1739 836 1821 857 emes
1831 827 1867 856 de
1887 827 2036 865 beaucoup
2046 827 2082 857 de
2099 828 2247 862 mutieres,

1401 866 1515 894 ’nutant
1534 875 1590 902 que
1611 865 1675 895 cela
1691 866 1730 895 ha
1745 865 1840 904 grand
1855 865 1957 901 lustro,
1976 869 2007 894 et
2022 865 2153 903 sequiert
2169 865 2249 895 bruit

1381 905 1400 932 ἡ.
1418 912 1495 933 oeux
1513 904 1564 941 qui
1583 904 1611 933 le
1636 904 1713 934 font:
1733 903 1807 933 mnis
1831 903 1859 933 ie
1884 905 1952 942 n’ey
1976 904 2040 933 rien
2066 914 2104 933 eu
2124 914 2160 934 en
2180 904 2248 941 plus

1381 940 1493 979 grande
1513 942 1788 978 reoommnndstion,
1815 951 1871 979 que
1891 941 1927 972 de
1946 942 2084 980 regerder
2106 945 2126 972 a
2144 942 2249 971 l’edifi-

1381 979 1479 1009 oetion
1499 978 1535 1009 de
1555 980 1686 1018 l’Eglise.
1714 980 1792 1010 Dieu
1810 980 1861 1017 qui
1879 981 1939 1010 m’s
1957 979 2053 1010 donne
2071 990 2104 1010 oe
2125 980 2247 1016 vouloir‚

1381 1017 1443 1047 faoe
1462 1026 1517 1054 per
1537 1027 1570 1047 se.
1590 1027 1677 1056 grace
1696 1027 1754 1055 que
1772 1018 1871 1048 l'issue
1891 1027 1930 1048 en
1949 1018 2005 1047 soit
2024 1018 2100 1048 telle.

1457 1062 1504 1092 De
1522 1064 1644 1095 Geneve
1663 1073 1696 1094 oe
1716 1064 1778 1102 xxij
1799 1064 1836 1093 de
1855 1064 1962 1100 Iuisset,
1980 1063 2162 1094 M.D.LVII.
