2396 3041
364 344 420 374 691

365 429 420 460 sub
446 429 592 460 Antiocho
629 428 760 467 contigit.
812 428 943 466 Utraque
978 427 1088 465 aliquid
1125 429 1228 459 coloris

365 469 470 498 babet:
494 467 576 504 prior
593 466 714 503 seilicet,
738 466 815 504 qued
836 466 885 495 hie
902 465 1055 504 deplorant
1078 466 1178 496 fideles
1195 476 1228 496 se

363 507 423 536 iam
444 505 562 536 destitui
580 504 673 544 signis
687 513 722 534 ac
737 504 902 543 prophetis:
921 513 1012 542 quum
1028 505 1100 535 satis
1114 508 1228 535 constet

364 544 496 575 floruisse
516 543 624 573 multos
647 542 803 581 prophetae
826 551 915 580 quum
934 542 1079 572 abductus
1099 543 1130 572 in
1150 543 1228 572 exsi-

363 583 438 613 lium
453 582 510 612 fuit
526 581 658 619 populus.
690 581 819 610 Rursum
835 581 904 618 quie
919 580 1006 618 paulo
1025 585 1093 610 ante
1113 581 1228 616 dicitur,

363 625 470 651 exusta
488 620 578 650 ruisse
592 619 767 653 sanctuaria,
787 618 897 649 deletas
913 618 1086 656 sculpturas,
1107 625 1138 648 et
1152 618 1228 649 nihil

363 659 426 690 inte
464 659 471 666 ⁸
498 657 642 695 reliquum
670 657 772 687 fuisse:
800 666 858 686 nou
881 656 1020 694 competit
1039 657 1070 686 in
1089 657 1230 687 Antiochi

364 697 518 728 saevitiam
543 705 576 726 ac
604 695 799 733 tyrannidem.
838 695 968 724 Tametsi
988 695 1066 724 enim
1086 696 1228 732 templum

364 735 446 766 foede
462 734 566 772 polluit
579 732 710 771 gentium
724 732 990 772 superstitionibus,
1004 734 1114 763 mansit
1130 739 1228 763 temen

364 773 482 804 salvum
507 771 679 806 aedificium.
706 780 760 802 nec
787 771 848 810 igni
874 775 946 801 tunc
968 771 1130 810 flagrarunt
1149 772 1230 809 ligne

365 817 395 842 et
420 811 537 848 lapides.
576 809 751 840 obtendunt
774 810 893 847 quidam
919 819 974 848 per
999 810 1165 839 sanctuaria
1184 811 1230 838 in·

365 850 459 888 telligi
478 857 651 886 synagogas,
672 848 721 878 ubi
741 858 799 878 non
819 847 1043 885 Hierosolymae
1063 848 1159 884 modo,
1179 848 1230 878 sed

364 889 396 918 in
422 887 541 925 reliquis
567 885 694 916 Iudaeae
720 886 842 916 urbibus
869 885 1004 916 solebant
1029 885 1130 916 haberi
1155 886 1230 916 sacri

365 931 537 957 conventus.
585 924 666 953 Fieri
692 925 781 954 etiam
808 928 905 961 potest
931 929 961 953 ut
991 924 1100 959 fideles,
1129 924 1230 961 templi

365 963 542 994 horrendam
577 962 771 992 vastationem
807 967 974 998 cernentes.
1016 967 1077 992 tam
1111 962 1231 1000 lugubri

364 999 699 1069 'pn‘it'affloflf‘ddmonffi'
719 1004 842 1068 {emat
853 1001 943 1068 etiaffi
961 1000 1117 1068 &zelen-3¹1?
1129 1001 1168 1068 ¹251
1185 1001 1230 1044 in-

365 1050 419 1071 cen
439 1049 500 1070 mm
559 1048 577 1067 u
624 1048 681 1074 quo
706 1048 722 1068 a
744 1048 806 1068 sum
842 1048 892 1068 um
945 1049 960 1068 e
1027 1048 1045 1068 a
1113 1048 1127 1068 a
1161 1048 1228 1072 aem,

367 1082 455 1116 atque
480 1078 552 1107 dm
578 1075 674 1108 clades
692 1077 779 1107 simul
799 1048 942 1115 cgmplexi
961 1077 1031 1106 sint.
1068 1077 1116 1106 Ita
1136 1077 1230 1106 conie-

367 1121 452 1146 ctura
480 1116 537 1145 erit
565 1116 659 1152 magis
688 1115 858 1154 probabilis,
888 1114 924 1144 ad
951 1119 1066 1152 tempus
1091 1115 1230 1144 Antiochi

367 1160 498 1192 spectare
516 1154 569 1184 has
582 1154 787 1190 querimonias,
806 1154 876 1190 quia
890 1160 958 1182 tunc
972 1153 1122 1190 prophetis
1138 1153 1232 1183 caruit

368 1193 423 1222 Dei
445 1192 573 1222 ecclesis.
828 1192 833 1198 '

369 1231 535 1269 bylouicum
562 1231 671 1260 referre
698 1230 824 1268 placeat,
849 1230 936 1259 huius
963 1229 1032 1259 nodi
1059 1230 1150 1259 facilis
1175 1229 1232 1258 erit

368 1269 487 1299 solutio:
509 1268 576 1306 quia
598 1269 664 1299 licet
683 1272 754 1298 tunc
773 1268 906 1297 viverent
926 1267 1073 1302 Ieremias,
1093 1267 1232 1297 Ezechiel

368 1310 398 1338 et
427 1307 547 1343 Daniel,
583 1308 690 1337 scimus
726 1311 826 1351 tamen
860 1306 943 1343 quasi
972 1306 1133 1335 vocationis
1162 1315 1232 1334 suae

369 1355 456 1414 3¹1²&
473 1345 653 1413 &3¹:333
680 1344 1232 1427 {zsstffl„ffiuzffipsssdz'ssffizntzt

369 1422 418 1460 qui
443 1422 560 1451 exsules
585 1422 623 1451 ed
647 1421 772 1450 reditum
799 1425 950 1449 animaret.
994 1420 1063 1457 Quo
1089 1421 1233 1458 respicere

368 1460 487 1489 videtur
512 1460 622 1489 lessies
648 1460 743 1496 cupite
769 1459 815 1496 40,
844 1459 858 1487 1
886 1459 917 1487 in
944 1459 991 1487 his
1017 1459 1126 1488 verbis:
1154 1459 1232 1488 Gon·

368 1498 511 1536 colemini,
536 1497 727 1528 consolemini
755 1496 893 1535 populum
918 1506 1026 1532 meum,
1050 1496 1126 1526 dicet
1151 1495 1233 1526 Deus

370 1541 474 1566 vester.
519 1536 652 1566 Verbum
685 1536 763 1565 enim
795 1535 886 1564 futuri
918 1535 1057 1572 temporis
1090 1535 1232 1564 indictum

370 1574 460 1604 fuisse
479 1583 532 1612 pro
555 1575 630 1603 betis
649 1573 810 1612 temporale
829 1573 978 1602 silentium
999 1573 1127 1602 denotat.

447 1613 473 1642 1.
493 1584 551 1650 (Ue
564 1613 632 1650 quid
651 1612 753 1657 Dm..)
781 1612 816 1642 si
836 1612 906 1642 haec
927 1612 1107 1648 querimonia
1125 1611 1234 1649 scripta

614 1191 788 1228 Quanquam
812 1201 835 1220 ei
855 1192 949 1229 magis
968 1191 1006 1220 ad
1025 1192 1161 1220 exsilium
1181 1192 1231 1220 ba-

370 1651 427 1680 ruit
442 1651 474 1680 in
487 1651 591 1680 exsilio
606 1651 781 1687 babylonico,
797 1650 931 1687 quamvis
947 1658 1040 1678 annus
1054 1650 1234 1688 septuagesi-

370 1698 436 1718 mus
461 1689 671 1726 redemptionis
698 1689 897 1726 praescriptus
926 1688 1029 1717 fuisset
1057 1697 1075 1717 a.
1102 1688 1232 1723 Ieremia,

370 1727 479 1756 mirum
506 1732 603 1756 tamen
630 1737 690 1756 non
715 1730 760 1756 est
783 1732 842 1755 tam
861 1726 965 1764 leugae
984 1735 1082 1755 morae
1102 1726 1232 1756 tsedium

370 1765 525 1803 plusquam
543 1765 678 1795 acerbum
696 1765 792 1798 fuisse,
810 1770 842 1792 ut
858 1764 984 1801 quotidie
999 1764 1231 1802 ingemiscerent,

370 1813 402 1834 ec
413 1810 475 1833 tem
486 1804 605 1840 lengum
619 1803 746 1839 spatium
762 1803 853 1831 instar
866 1803 999 1840 perpetui
1015 1803 1120 1831 saeculi
1135 1803 1230 1831 fuisse.

368 1842 427 1878 Qui
450 1851 517 1870 vero
537 1840 674 1870 Antiochi
696 1840 895 1870 crudelitatem
917 1840 1045 1878 perpessi
1065 1844 1143 1875 sunt,
1164 1841 1232 1877 quia

367 1880 480 1910 nullum
505 1879 564 1909 illis
585 1884 648 1908 eret
666 1878 817 1908 definitum
837 1885 959 1916 tempus.
988 1878 1091 1908 merito
1111 1878 1146 1908 de
1165 1887 1230 1916 per-

366 1923 453 1957 petue
474 1917 529 1948 Dei
555 1917 706 1946 iracundia
724 1918 861 1954 conqueri
883 1922 1030 1954 poterant:
1057 1917 1230 1954 praesertim

366 1966 455 1995 quum
484 1955 614 1984 viderent
640 1955 703 1984 sine
726 1965 777 1992 spe
801 1955 897 1984 solatii
923 1956 955 1984 in
979 1955 1040 1984 dies
1060 1955 1162 1992 augeri
1184 1955 1231 1984 bo·-

367 1995 455 2024 stium
477 1993 691 2027 truculentiam,
716 1999 747 2023 et
765 2003 812 2023 res
831 2003 901 2023 suas
918 1994 949 2022 iu
969 1993 1097 2022 deterius
1116 1993 1228 2023 collabi.

366 2032 471 2063 Multis
491 2032 569 2062 enim
587 2031 717 2062 adversis
738 2031 821 2061 bellis
841 2032 922 2069 prius
942 2031 1043 2066 attriti,
1068 2040 1142 2068 quae
1161 2031 1228 2060 sub-

364 2071 434 2101 inde
462 2081 481 2100 a
509 2070 612 2100 vicinis
642 2070 822 2105 oriebantur,
851 2069 887 2098 ad
917 2070 1050 2099 ultimam
1077 2071 1136 2098 fere
1162 2079 1228 2098 oon-

365 2110 558 2146 sumptionem
586 2114 657 2138 tune
676 2110 829 2138 renerent.
869 2107 1038 2138 Notandum
1057 2113 1154 2137 autem
1175 2112 1227 2142 est,

366 2148 439 2186 quod
477 2146 576 2176 fideles
611 2156 629 2176 a
657 2146 785 2184 profanis
815 2146 952 2184 gentibus
983 2146 1095 2178 vexati.
1130 2145 1228 2175 ocules

366 2192 464 2215 tamen
484 2184 521 2214 ad
542 2184 637 2213 Deum
658 2185 804 2217 attollunt.
831 2194 865 2214 uc
885 2185 910 2213 si
931 2185 1029 2222 plagas
1048 2193 1147 2213 omues
1166 2183 1228 2212 sola

365 2224 429 2254 eius
454 2231 559 2252 manus
585 2223 737 2260 infligeret.
778 2222 918 2252 Sciebant
942 2223 1018 2251 enim
1047 2222 1162 2251 nonnisi
1182 2222 1228 2250 iu·

364 2263 446 2292 sense
468 2260 532 2291 Deo
552 2267 665 2291 tentum
686 2260 820 2290 licentiae
839 2266 940 2290 eontra
959 2270 990 2290 se
1009 2260 1138 2298 permitti
1164 2269 1230 2296 pro-

363 2301 441 2330 {anis
461 2300 605 2337 gentibue.
636 2299 715 2336 Ergo
735 2299 863 2335 persuasi
885 2309 942 2327 non
963 2308 1025 2327 ease
1045 2299 1098 2328 sihi
1122 2298 1227 2326 bellum

364 2348 430 2369 cum
457 2347 544 2367 cerne
569 2342 600 2366 et
624 2337 776 2374 sanguine,
804 2337 855 2365 sed
880 2337 956 2365 iusto
982 2336 1038 2365 Dei
1065 2336 1171 2366 iudicio
1196 2345 1228 2365 se

365 2376 464 2414 affligi.
491 2385 607 2406 causam
633 2376 726 2412 ipsam
753 2382 783 2403 et
803 2375 911 2404 fontem
933 2374 1063 2404 omnium
1084 2374 1227 2403 malorum

365 2414 557 2447 considerent,
584 2413 658 2451 quod
679 2413 768 2446 Dens,
794 2422 851 2450 quo
873 2413 999 2450 propitio
1018 2418 1086 2442 ante
1107 2413 1227 2441 feliciter

364 2454 509 2486 vixerunt,
530 2461 608 2480 nunc
628 2461 676 2480 eos
694 2451 842 2484 abiecerit,
861 2460 954 2488 neque
972 2460 1088 2479 eeznsere
1104 2450 1228 2488 amplius

364 2491 395 2520 in
422 2499 510 2528 grege
536 2499 587 2519 suo
610 2488 756 2527 dignetur.
796 2488 871 2518 Nam
891 2489 1010 2519 verbum
1031 2496 1087 2527 rm
1109 2489 1227 2518 reiicere

365 2538 398 2559 sc
425 2528 571 2562 detestari,
601 2527 746 2556 interdum
773 2528 860 2556 etism
885 2536 915 2556 se
942 2528 1040 2564 procul
1068 2527 1227 2557 subducere

1073 343 1268 374 PSALMUS
1287 343 1432 374 Lxxlv.

1273 429 1434 467 significet:
1466 438 1522 459 nec
1551 430 1676 459 multum
1704 430 1825 459 interest
1854 438 2023 467 quocunque
2052 429 2145 460 mode

1274 467 1322 497 hic
1334 468 1466 504 accipias.
1497 467 1652 497 Summam
1667 468 1741 498 hanc
1756 471 1855 497 tenere
1868 468 2002 503 sufficiat,
2026 468 2148 505 quotie·

1274 505 1434 543 premimur
1453 505 1540 544 rebus
1560 506 1699 541 adversis,
1718 515 1778 536 non
1798 510 1907 536 temere
1922 507 1952 536 in
1969 515 2022 536 nos
2038 506 2145 536 iactari

1274 544 1408 574 fortunas
1428 543 1493 579 tela,
1513 544 1563 574 sed
1584 553 1690 574 arcano
1706 543 1765 573 Dei
1782 543 1911 581 impulsu
1930 543 2048 582 flogella
2066 543 2144 575 haee

1273 587 1325 611 aut
1343 582 1451 612 ferulas
1470 583 1600 617 excitari.
1625 583 1732 620 quibus
1771 587 1870 612 cecata
1889 586 1988 612 nostra
2007 583 2145 620 castiget.

1275 620 1431 650 Caeterum
1455 621 1566 650 reiectio
1591 622 1616 650 et
1641 621 1688 650 im
1713 591 1816 650 relssrri
1838 619 1944 650 debent
1963 619 2001 650 sd
2019 629 2146 650 sensnm

1275 658 1381 688 earnis.
1419 658 1487 688 Etsi
1505 659 1593 695 enirn,
1618 659 1735 696 proprie
1754 658 1905 696 loquendo,
1926 667 1983 688 non
2003 657 2146 689 irascitur

1275 697 1358 726 Deus
1393 697 1494 726 electis
1522 697 1598 731 suis,
1635 706 1759 734 quorum
1790 697 1905 726 morbos
1935 697 2147 726 afflictionibus

1275 735 1358 772 quasi
1392 735 1544 764 medi-inis
1581 741 1679 764 sanat:
1715 735 1782 772 quie.
1818 739 1916 764 tamen
1946 744 2050 765 sensus
2079 735 2146 772 ipse

1276 782 1432 810 poenarum
1460 774 1533 803 irem
1558 773 1620 803 eius
1646 782 1699 802 noe
1724 771 1944 811 apprehendere
1967 773 2059 811 cogit.
2088 781 2146 810 per

1276 820 1383 840 nomen
1402 811 1469 840 Irae
1494 811 1613 848 spiritus
1636 811 1672 840 de
1692 821 1743 840 suo
1763 815 1847 840 reatu
1875 811 2012 840 admonet
2030 811 2145 841 fideles.

1276 848 1335 878 Ubi
1360 859 1430 886 ergo
1449 849 1531 878 Deus
1555 849 1714 878 vindictam
1733 850 1765 878 in
1785 859 1840 878 nos
1859 858 1942 878 suem
1961 849 2145 886 exsequitur.

1277 893 1408 917 nostrum
1428 893 1472 916 set
1491 893 1628 925 reputare
1645 887 1715 925 quid
1731 886 1839 917 scimus
1855 887 1961 916 meriti.
1994 887 2034 917 Et
2049 896 2146 924 quan·

1276 935 1364 963 quam
1389 925 1501 955 nullum
1522 925 1688 955 iracundiae
1709 932 1821 954 motum
1841 925 1952 962 patitur
1971 925 2063 959 Deus.
2088 934 2147 963 per

1278 972 1330 993 nos
1357 969 1453 992 tamen
1481 973 1539 992 nou
1565 964 1681 993 stetisse
1706 963 1861 1001 quominus
1888 964 2012 1001 peccatis
2032 963 2147 992 uostris

1278 1001 1408 1040 graviter
1431 1002 1562 1031 offensus
1582 1003 1615 1031 in
1641 1011 1696 1031 nos
1715 1002 1946 1031 excandesceret.
1986 1001 2050 1031 Iam
2071 1010 2147 1031 vero

1278 1044 1311 1069 ut
1346 1039 1400 1069 sibi
1436 1039 1663 1070 misericordiam
1700 1040 1868 1077 concilient,
1902 1039 2076 1077 confugiunt
2106 1039 2147 1068 ad

1278 1077 1402 1106 foederis
1425 1078 1604 1113 memoriam,
1631 1087 1688 1115 que
1714 1078 1832 1106 fuerant
1851 1078 1882 1106 in
1903 1078 1980 1107 filios
1999 1077 2145 1115 adoptati.

1280 1115 1399 1153 Greyem
1419 1117 1497 1145 enim
1511 1125 1683 1154 pascuorum
1702 1116 1759 1146 Dei
1776 1126 1807 1145 se
1828 1115 1956 1145 vocando
2003 1116 2147 1146 ratuitem

1278 1154 1448 1184 electionem
1474 1154 1692 1189 commendant,
1722 1163 1780 1191 qua
1808 1154 1953 1192 segregati
1994 1160 2101 1183 uerunt
2127 1162 2148 1183 a

1278 1192 1423 1230 gentibue.
1464 1192 1549 1228 Quod
1578 1193 1663 1222 etiam
1691 1192 1797 1222 clarius
1816 1193 1988 1228 exprimunt
2005 1191 2147 1229 proximo

1278 1240 1373 1260 versu.

1355 1268 1380 1298 2.
1403 1267 1572 1307 (Recordare
1590 1268 1829 1307 eonyreyatt'em‘s.)
1863 1268 2014 1298 Peculium
2034 1266 2094 1298 Dei
2113 1277 2147 1298 se

1278 1307 1366 1335 fuisse
1382 1307 1499 1344 iactant,
1521 1316 1576 1336 nou
1595 1316 1647 1335 suo
1663 1307 1775 1342 merite,
1791 1307 1843 1336 sed
1859 1306 2023 1344 adoptionis
2038 1306 2146 1344 grati&

1278 1345 1391 1374 Eodem
1417 1345 1542 1382 pertinet
1569 1346 1740 1382 antiquitas.
1770 1345 1847 1382 quod
1877 1355 1935 1374 non
1964 1344 2102 1374 venerint
2126 1354 2146 1373 a

1280 1383 1378 1420 paucis
1394 1383 1542 1413 mensibus
1558 1383 1613 1412 sub
1627 1383 1684 1412 Dei
1699 1384 1863 1420 imperium,
1881 1383 1932 1413 sed
1949 1381 2147 1413 haereditaria

1279 1422 1367 1450 fuerit
1383 1422 1533 1450 successio.
1561 1421 1636 1450 Nam
1654 1430 1709 1458 quo
1727 1421 1859 1459 pluribus
1874 1421 1997 1450 saeculis
2013 1429 2147 1452 amotem

1280 1470 1366 1489 suum
1388 1464 1579 1496 prosequutus
1606 1460 1701 1488 fuerat
1721 1469 1790 1496 erga
1811 1469 1909 1489 semen
1930 1458 2082 1492 Abrahae.
2109 1468 2147 1488 eo

1279 1498 1385 1527 melius
1414 1498 1543 1528 stabilita
1567 1498 1623 1527 fnit
1645 1507 1746 1527 eorum
1774 1497 1852 1527 fides.
1898 1497 2038 1527 Recitant
2063 1505 2145 1534 ergo.

1280 1545 1310 1565 se
1337 1536 1373 1565 ab
1401 1535 1485 1565 initio
1510 1536 1599 1565 fuisse
1626 1535 1681 1564 Dei
1709 1536 1863 1574 populum.
1891 1544 1995 1572 nempe
2019 1544 2058 1565 ex
2084 1543 2146 1572 qno

1279 1574 1362 1603 Deus
1391 1573 1557 1603 inviolabile
1586 1574 1686 1603 foedus
1713 1584 1777 1603 eum
1803 1573 1953 1603 Abraham
1984 1573 2146 1610 pepigerat.

1279 1611 1407 1642 Additur
1426 1612 1510 1642 etiam
1528 1612 1690 1650 redemptio
1704 1622 1761 1650 qua
1777 1612 1889 1642 sancita
1905 1611 2022 1648 adoptio
2038 1612 2148 1649 fuerat.

1280 1659 1373 1687 neque
1392 1650 1471 1680 enim
1487 1651 1576 1680 verbo
1590 1651 1695 1685 solum,
1714 1650 1765 1680 sed
1780 1660 1811 1679 re
1824 1651 1888 1687 ipsa
1904 1655 1973 1680 tunc
1986 1649 2147 1686 imperium

1278 1689 1403 1717 asseruit
1433 1689 1522 1718 Deus.
1571 1689 1654 1718 Haec
1684 1689 1740 1718 Dei
1775 1689 1916 1718 beneficia
1951 1687 1988 1717 ad
2017 1686 2147 1721 fiduciae

1278 1727 1431 1756 materiam
1456 1726 1512 1756 sibi
1535 1733 1711 1764 proponunt,
1738 1731 1766 1756 et
1791 1727 1847 1764 ipsi
1867 1727 1929 1756 Deo
1949 1726 2045 1755 autori
2063 1734 2147 1757 com-

1278 1769 1451 1798 memorant.
1476 1774 1514 1794 ne
1533 1774 1606 1802 opus
1625 1773 1709 1794 suum
1732 1765 1854 1795 deserat.
1893 1765 1949 1794 His
1966 1764 2055 1794 etiam
2073 1763 2148 1794 freti

1278 1803 1415 1832 continuo
1446 1812 1476 1832 se
1507 1808 1610 1833 vocant
1637 1803 1749 1840 uirgam
1782 1803 1973 1837 haereditatis,
2003 1801 2060 1832 hoe
2089 1807 2147 1838 est,
2178 1816 2179 1819 =

1278 1841 1488 1870 haereditatem
1514 1851 1601 1878 quam
1627 1842 1681 1870 sibi
1707 1842 1768 1878 ipse
1795 1841 1945 1870 dimensus
1971 1844 2024 1870 est.
2063 1838 2148 1870 Nam

1278 1879 1567 1946 2:12³&ssssssssssss
1579 1879 1961 1954 ‘ilfflf’nufiffssissssssssffi
1974 1877 2146 1953 ‘Siniissn‘ff”

1277 1955 1348 1984 bum
1367 1955 1481 1984 malunt
1501 1961 1622 1991 vertere,
1643 1957 1736 1993 magis
1756 1962 1853 1984 tamen
1870 1954 1964 1992 placet
1982 1956 2035 1984 ina
2049 1959 2148 1984 meta·

1276 1993 1382 2031 phora:
1412 1993 1488 2031 quod
1514 1993 1594 2023 Deus
1620 2002 1725 2023 arcana
1751 1993 1951 2032 designatione
1975 1991 2022 2022 sui
2051 1991 2146 2023 bene-

1275 2031 1383 2068 placiti,
1403 2032 1485 2068 quasi
1501 2031 1681 2068 decempeda,
1702 2031 1841 2061 Israelem
1860 2031 1916 2061 sibi
1935 2031 1967 2060 in
1986 2031 2143 2068 proprium

1275 2068 1398 2098 fundum
1433 2069 1567 2098 distinxit
1597 2079 1615 2098 a
1643 2070 1763 2106 reliquis
1813 2070 1937 2098 ontibus.
1985 2069 2147 2098 Postremo

1275 2107 1337 2137 loco
1357 2108 1475 2145 ponitur
1494 2107 1643 2146 templum.
1662 2109 1690 2137 iu
1711 2117 1766 2145 quo
1817 2117 1868 2137 eus
1888 2117 1920 2136 se
1938 2106 2144 2137 habitaturum

1275 2146 1460 2182 promiserat:
1479 2155 1537 2175 non
1550 2145 1626 2183 quod
1639 2146 1750 2176 inclusa
1765 2145 1823 2174 illic
1836 2151 1913 2174 esset
1926 2145 1988 2174 eius
2001 2145 2146 2181 essentis,

1275 2189 1309 2213 ut
1326 2185 1383 2212 iam
1407 2185 1522 2222 saepius
1542 2184 1651 2214 dietum
1672 2189 1729 2213 est:
1750 2184 1800 2213 sed
1820 2185 1888 2220 quia
1906 2182 2008 2212 fideles
2026 2182 2145 2212 virtute

1275 2226 1303 2251 et
1328 2223 1423 2259 gratia
1448 2222 1506 2252 illic
1531 2223 1724 2260 propinquum
1749 2227 1777 2252 et
1816 2227 1978 2251 raeseutem
1998 2220 2054 2250 sibi
2074 2229 2145 2252 essse

1273 2260 1446 2291 sentiebant.
1485 2260 1572 2290 Nunc
1595 2265 1725 2290 tenemus
1745 2270 1785 2290 un
1806 2269 1823 2289 e
1842 2259 1981 2296 precandi
1998 2259 2143 2290 fiduciam

1274 2299 1396 2336 populus
1412 2299 1575 2335 sumpserit,
1595 2307 1700 2336 nempe
1717 2307 1755 2327 ex
1770 2298 1898 2336 gratuita.
1913 2297 1972 2326 Dei
1987 2297 2147 2334 electione,

1275 2337 1521 2374 promissionibus,
1542 2341 1570 2365 et
1590 2336 1670 2365 cultu
1690 2336 1745 2366 sibi
1766 2336 1880 2365 tradito.

1350 2374 1376 2405 3.
1396 2374 1499 2414 (Ek-aa
1615 2374 1727 2412 siones.)
1766 2374 1904 2404 Vicissim
1929 2373 2062 2404 hostibus
2082 2373 2144 2405 im-

1275 2418 1430 2449 precantur
1455 2413 1570 2441 letelem
1596 2412 1722 2450 plagam,
1749 2418 1833 2450 prout
1853 2412 2010 2442 crudeliter
2026 2413 2144 2442 nevie-

1275 2455 1342 2479 ruut
1362 2452 1392 2479 iu
1412 2451 1611 2480 sanctuarium
1631 2451 1704 2479 Dei:
1727 2461 1760 2480 ac
1779 2452 1804 2480 si
1823 2451 1955 2480 dicerent
1974 2459 2035 2480 non
2053 2451 2143 2481 suffi-

1273 2498 1339 2519 cere
1371 2488 1545 2519 mediocrem
1578 2498 1699 2526 poenam
1729 2493 1789 2519 tam
1819 2489 1908 2526 impie
1936 2492 1966 2518 et
1994 2487 2145 2527 sacrilego

1274 2527 1378 2556 furori:
1406 2527 1565 2564 perdendos
1589 2536 1660 2565 ergo
1683 2536 1747 2556 esse
1773 2528 1880 2564 ubsque
1905 2526 1965 2556 ulls
1983 2535 2035 2564 spe
2053 2535 2145 2559 sana-
