2396 3041
369 353 405 384 19

366 437 397 468 id
418 437 525 469 dieitur
544 442 676 476 respectu
695 439 803 470 nostri:
831 440 899 477 qnia
924 448 985 469 non
1006 439 1148 470 sentimus
1167 447 1234 469 enm

366 485 469 515 gerere
487 485 587 506 euram
608 477 709 513 nostri,
739 477 797 508 nisi
828 482 972 515 quatenus
1000 486 1121 507 manum
1150 486 1234 506 sunm

367 519 468 552 aperte
486 519 516 544 et
535 516 617 552 quasi
634 515 742 545 visibili
762 515 847 545 modo
869 515 980 553 profert
999 515 1036 544 ad
1057 525 1111 545 nos
1130 516 1235 544 iuvan-

367 552 426 582 dos.
457 552 543 589 Quod
564 552 608 583 bis
628 553 742 592 dieitur,
761 553 842 584 Deus
859 554 1006 588 ultionum.
1026 553 1129 584 deinde
1143 553 1236 584 Iudex

365 593 462 627 terrae,
486 591 605 629 propris
623 594 758 630 speotant
778 592 849 622 haee
865 592 996 629 epitheta
1015 592 1051 621 ad
1071 591 1235 630 praesentis

365 638 471 659 eauaae
490 630 756 659 eireumstantiam:
787 639 820 660 eo
839 631 865 660 ei
884 631 980 667 ipsum
1000 630 1089 659 officii
1109 631 1154 659 sni
1174 639 1236 657 mo-

366 672 450 697 neret
469 667 611 706 propbeta
631 668 677 698 his
698 668 802 704 verbis,
831 667 959 698 Domine
988 674 1073 698 tuum
1098 673 1144 698 est
1169 668 1235 698 vin-

366 704 473 735 dletam
503 714 621 736 sumere
649 706 685 736 de
710 706 871 741 seeleratis.
902 711 931 736 st
959 710 1066 736 terram
1090 706 1234 736 iudicare:

366 743 448 773 vides
466 749 573 780 autem,
591 745 658 774 tium
674 745 795 782 impune
810 748 961 782 grassatur
977 754 1075 774 eornm
1086 745 1234 782 iniquitas,

366 785 399 811 ut
418 790 519 812 eorum
539 782 659 812 audacie
679 787 815 820 proterve
834 783 963 812 insultet.
993 783 1061 812 Non
1080 781 1155 821 quod
1175 782 1236 812 ulla

365 819 560 850 admonitione
590 821 721 859 indigeat
750 821 832 851 Dens
859 821 909 859 qui
937 830 1088 859 nunquam
1123 825 1234 858 torpet:

366 859 439 897 quin
459 858 556 896 potius
575 859 643 888 dnm
665 859 744 888 lento
762 858 896 889 cunctari
916 859 1041 894 videtur,
1062 868 1114 896 pro
1134 867 1236 896 oppor-

367 896 494 926 tunitate
512 896 567 926 sibi
589 897 706 935 cognita
724 896 831 926 iudioia
851 907 904 926 aua.
924 901 1082 934 temperat:
1102 898 1152 926 sed
1173 897 1235 926 eius

365 937 500 964 naturam
520 934 576 964 hoe
595 935 681 965 modo
702 944 801 965 seeum
820 941 957 974 reputant
983 935 1092 971 fideles,
1121 945 1177 973 quo
1203 944 1234 964 se

365 971 402 1002 ad
431 972 580 1002 meliorem
610 973 746 1003 fiduciam
778 975 910 1003 animent
934 978 963 1003 et
988 974 1179 1003 exstimulent
1198 973 1234 1003 ad

364 1010 502 1078 precandi
523 1011 753 1040 vehementium:
774 1021 831 1049 quo
847 1012 934 1041 otiam
950 1013 1077 1049 pertinet
1090 1011 1232 1050 repetitio.

383 1053 468 1086 taque
496 1058 553 1087 quo
587 1049 767 1087 petulantius
801 1049 954 1080 lascivient
989 1050 1086 1088 impii,
1120 1056 1234 1088 semper

363 1091 498 1117 ooonrrat
518 1087 600 1117 nobis
619 1087 692 1117 haee
713 1088 853 1126 doctrina,
873 1097 934 1117 non
958 1097 1040 1125 posse
1061 1094 1157 1118 tamen
1178 1088 1234 1117 hoo

364 1124 475 1154 auferri
493 1124 559 1154 Deo
580 1127 649 1163 quin
670 1127 772 1156 mundi
791 1127 829 1156 sit
846 1127 937 1155 iudex
957 1125 993 1154 ad
1013 1127 1186 1164 exigendam
1198 1126 1234 1154 de

364 1163 522 1194 sceleribus
542 1163 708 1194 vindictam.
734 1165 774 1194 Et
787 1165 922 1202 quamvis
939 1166 1102 1202 proneamia
1118 1169 1234 1194 nostrae

364 1210 453 1232 sensu
474 1202 554 1231 Deus
574 1202 701 1232 tenebris
721 1202 852 1233 inelusus
872 1202 968 1240 lateat,
996 1202 1071 1233 hano
1097 1202 1234 1240 preoandi

363 1241 489 1270 formam
509 1249 584 1278 quae
603 1250 621 1269 a
641 1241 746 1278 spiritu
765 1245 865 1270 saneto
885 1241 1020 1276 dictatur,
1041 1251 1098 1270 non
1120 1241 1234 1270 dubite-

364 1287 432 1308 mus
451 1278 590 1315 arripere,
610 1284 642 1308 ut
662 1278 772 1309 scilieet
792 1279 910 1309 tandem
930 1279 1075 1317 affulgeat.

441 1315 468 1346 3.
488 1315 651 1354 (Usquequo
668 1316 769 1356 impii.)
798 1317 958 1348 Fervet-em
972 1327 1059 1347 suum
1076 1317 1130 1347 boo
1146 1325 1232 1347 versu

364 1358 484 1384 excusat
503 1355 655 1392 propheta,
669 1356 735 1393 quia
753 1356 926 1393 tempestiva
942 1356 979 1385 sit
993 1355 1148 1390 festinatio,
1162 1355 1233 1384 (lum

364 1392 478 1422 nuilutn
498 1393 684 1430 superbiendi
702 1393 820 1423 modum
847 1394 959 1423 faciunt
983 1394 1113 1431 improbi.
1155 1393 1234 1430 Quia

363 1430 453 1468 igitur
482 1431 639 1461 necessitas
667 1431 774 1461 addere
804 1431 886 1462 nobis
915 1431 1000 1462 debet
1029 1433 1173 1467 animum,
1202 1436 1232 1461 ut

365 1469 491 1498 uniamus
520 1470 611 1499 iustas
641 1479 740 1507 preses
770 1470 943 1500 exauditum
968 1470 1013 1506 iri,
1043 1475 1168 1500 testatur
1185 1470 1232 1499 hin

363 1507 505 1575 propheta
525 1516 610 1537 suam
629 1509 841 1545 querimoniam
861 1518 920 1538 non
940 1509 975 1538 de
995 1509 1087 1538 nihilo
1105 1509 1154 1538 vel
1173 1508 1233 1537 levi

385 1554 401 1575 e
420 1554 509 1575 eausa
527 1545 616 1581 nasei,
637 1546 688 1576 sed
707 1547 874 1585 extorqueri
891 1547 946 1576 sibi
963 1547 1143 1585 gravissimis
1159 1547 1234 1576 iniu-

364 1584 423 1612 riis.
464 1584 691 1614 circumstantia
721 1585 810 1614 etiam
840 1586 979 1623 temporis
1007 1585 1043 1614 ad
1070 1585 1232 1623 augendam

364 1621 568 1659 indignitatem
590 1623 676 1658 valet,
703 1623 778 1660 quod
798 1623 886 1661 longa
905 1623 961 1653 Dei
983 1625 1123 1660 patientia
1143 1623 1232 1653 obdu-

364 1664 491 1695 ruerant.
512 1665 600 1698 atque
619 1671 658 1690 ex
678 1661 783 1690 duritie
798 1672 856 1690 non
874 1662 1066 1699 pervieeniam
1083 1667 1234 1690 contraxe-

364 1703 433 1727 rant
453 1698 544 1733 modo,
566 1699 617 1728 sod
637 1699 847 1737 impudentiam
876 1708 1002 1738 quoque:
1033 1709 1066 1730 ae
1086 1701 1111 1729 si
1130 1708 1232 1729 eorum

364 1736 544 1772 improbitati
555 1737 635 1767 Deus
651 1739 769 1767 faveret.
799 1739 876 1768 Nam
893 1739 922 1767 in
938 1738 1077 1768 adverbio
1092 1747 1234 1775 usquequo

366 1774 411 1804 bis
430 1776 551 1812 repetito
573 1775 712 1805 diuturna
740 1781 860 1805 notatur
888 1777 1062 1814 impunitas:
1092 1785 1125 1805 uo
1145 1776 1170 1806 si
1190 1776 1234 1804 di-

365 1812 466 1847 xisset,
487 1822 546 1842 non
564 1813 691 1852 incipere
710 1823 787 1843 nune
806 1813 922 1844 demum
939 1816 1055 1852 impios:
1075 1815 1126 1845 sed
1144 1824 1232 1853 quum

366 1851 453 1879 nimia
473 1850 523 1880 diu
543 1852 653 1881 fuerint
680 1853 804 1887 tolerati,
835 1853 948 1882 nullum
976 1853 1070 1883 facere
1097 1853 1232 1891 peccandi

365 1887 491 1918 modum.
531 1889 596 1918 Iam
616 1899 706 1927 quum
724 1890 796 1920 olim
815 1895 927 1920 tantam
947 1892 978 1920 in
995 1891 1114 1921 ecelesia
1134 1896 1234 1929 tyran-

365 1926 464 1956 nidem
493 1928 678 1957 exercuerint
706 1928 829 1967 reprobi,
861 1939 914 1959 nee
943 1930 1041 1959 statim
1072 1929 1233 1959 adhibitum

366 1966 454 1994 fuerit
468 1974 485 1994 a
499 1965 562 1995 Deo
576 1967 744 2003 remedium,
765 1977 801 1996 ne
817 1967 958 1997 miremur
974 1968 997 1998 si
1015 1967 1102 1998 hodie
1122 1977 1234 2005 quoque

365 2004 461 2041 longis
481 2004 717 2041 oppressionibus
737 2006 885 2034 subiaoeat
904 2006 1041 2036 eeeiesin:
1073 2015 1125 2035 neo
1150 2010 1234 2043 puteÎ‡

365 2051 431 2071 mus
448 2051 566 2079 prorsus
582 2042 674 2072 aDeo
694 2043 847 2079 desertam,
868 2045 1002 2081 quamvis
1022 2053 1079 2073 non
1120 2044 1234 2073 rotinus

367 2080 504 2109 sanandis
524 2081 608 2110 malis
624 2089 746 2110 manum
762 2081 923 2111 admoveat.
955 2082 1097 2111 Essulton
1120 2082 1130 2111 i
1146 2082 1234 2111 verbo

367 2118 505 2147 laetitiam
535 2119 699 2156 proterviae
725 2125 754 2148 et
779 2120 934 2149 iaetantiae
955 2120 1071 2157 plenam
1093 2120 1234 2158 designat,

368 2164 459 2194 quum
488 2155 571 2193 impii
597 2157 685 2196 longa
711 2158 904 2196 prosperitate
933 2159 1006 2188 ebrii
1035 2157 1151 2196 quidvis
1179 2157 1234 2187 sibi

367 2195 455 2224 iioere
476 2195 635 2224 confidunt.

445 2232 472 2261 4.
502 2231 678 2272 (Effutiunt.)
732 2233 849 2263 Clarius
884 2234 940 2263 hoo
975 2234 1051 2264 idem
1088 2234 1234 2272 exprimit,

370 2275 453 2300 tanta
470 2271 580 2300 seilicet
600 2271 706 2301 i'eroeia
726 2276 853 2310 turgere,
876 2277 910 2301 nt
930 2272 1048 2310 gloriari
1069 2273 1098 2302 in
1118 2273 1234 2302 sceleriÎ‡

370 2309 425 2340 bus
454 2317 513 2338 non
543 2309 685 2339 dubitent.
734 2309 865 2340 Verbum
895 2317 979 2377 9132,
1014 2310 1089 2348 qnod
1120 2311 1236 2340 effutire

371 2346 519 2382 vertimus,
540 2347 605 2384 plus
624 2353 669 2377 est
688 2357 773 2385 qnam
796 2348 883 2386 loqui.
942 2358 987 2377 am
1009 2357 1098 2386 quum
1118 2349 1236 2386 proprie

371 2385 493 2415 ebullire
512 2386 664 2423 significet,
683 2386 879 2422 metaphorice
901 2387 1076 2415 transfertur
1095 2387 1131 2415 nd
1146 2392 1234 2416 teme-

372 2424 463 2453 rarios
488 2432 646 2453 sermones.
686 2424 829 2454 'Videmus
851 2429 948 2454 autem
968 2434 1024 2461 quo
1043 2435 1098 2454 sua
1116 2425 1236 2454 ambitio

373 2467 403 2490 et
427 2462 562 2499 superbia
589 2462 693 2500 impios
719 2462 853 2492 homines
879 2463 1063 2500 praecipitet,
1090 2468 1123 2491 nt
1148 2463 1235 2492 etiam

373 2508 439 2529 eum
460 2509 564 2538 magno
584 2510 637 2529 suo
657 2501 761 2537 probro
780 2503 810 2530 et
826 2500 963 2530 dedeeore
979 2501 1135 2538 potentiam
1153 2510 1235 2530 sunm

374 2537 495 2566 futiliter
515 2538 644 2574 efferent,
665 2539 804 2568 minando
824 2539 912 2575 enim,
933 2538 1006 2569 nihil
1027 2548 1113 2576 quam
1127 2539 1237 2575 caedes,

1100 354 1292 385 PSALMUS
1310 355 1423 386 XCIV.

2111 354 2153 385 20

1282 439 1458 475 violentiam,
1478 443 1508 470 at
1528 438 1682 470 barbaram
1700 439 1880 470 atrocitatem
1900 444 2031 478 erepant.
2068 439 2153 470 Ietae

1280 482 1351 506 sunt
1371 478 1555 508 ebullitiones
1575 477 1611 507 <le
1651 477 1736 506 uibus
1756 477 1765 506 l
1803 477 1882 507 uitur
1902 478 2054 516 propheta.
2076 477 2151 508 dum

1279 515 1362 553 impii
1389 515 1507 553 pudoris
1532 521 1562 545 et
1586 524 1635 544 mo
1655 516 1746 548 ostiae
1770 525 1787 544 o
1807 516 1866 552 liti,
1894 525 1926 546 se
1949 516 2068 554 quidvis
2095 525 2151 554 pro

1280 553 1401 584 libidine
1427 559 1544 584 aeturus
1568 553 1676 584 isetnre
1696 563 1756 583 non
1775 552 1918 584 dubitent.
1958 555 2057 592 Atque
2076 554 2152 584 haee

1280 596 1326 620 est
1353 592 1473 622 durities
1499 593 1649 627 emonis.
1684 600 1772 629 quam
1801 601 1893 629 neque
1931 593 2019 627 ratio,
2053 601 2152 632 neque

1282 630 1382 666 timor,
1411 640 1505 668 neque
1529 630 1647 659 honesti
1675 634 1823 668 respeotue
1850 630 1965 660 oohibet
1988 631 2059 668 quin
2103 640 2151 660 ero

1282 674 1399 706 rumpat
1431 677 1602 706 quoeunque
1632 667 1731 697 tulerit
1759 668 1895 698 effraenis
1916 668 2044 698 lieentia.
2100 678 2153 698 am

1280 707 1355 736 sieut
1376 707 1446 737 baso
1463 707 1560 745 gravis
1575 706 1699 736 tentatio
1714 706 1770 736 fuit
1783 706 1853 735 olim
1865 706 2009 742 fidelibus.
2028 715 2152 737 eernere

1280 745 1310 773 in
1348 746 1469 775 ecelesia
1505 754 1621 782 prorsus
1651 745 1799 774 confusam
1831 745 2074 774 dominationem:
2108 745 2153 774 ita

1280 782 1366 812 hodie
1387 783 1531 818 doeemur,
1553 783 1665 820 quoties
1683 786 1866 820 praepostere
1886 784 1998 821 regitur
2017 782 2152 819 eoeleeia,

1280 821 1326 850 vel
1353 823 1448 860 potius
1472 821 1654 859 opprimitur.
1681 820 1755 850 nihil
1774 821 1846 850 novi
1864 821 2010 851 accidere:
2034 821 2087 851 sed
2106 821 2152 851 in-

1280 859 1445 890 vocandum
1471 869 1533 889 esse
1554 861 1660 894 Deum,
1686 860 1734 895 qui
1754 862 1822 896 post
1841 859 1959 896 longam
1979 859 2151 889 dissimula,-

1282 897 1389 926 tionem
1411 898 1529 926 tandem
1550 898 1642 926 servis
1661 897 1722 926 suis
1741 896 1879 934 opitulari
1898 897 1980 926 solet.

1357 936 1383 965 5.
1405 935 1555 975 (Populum
1581 936 1677 971 tuum]
1718 934 1775 965 Ubi
1800 935 1835 964 de
1855 935 1935 964 ebria
1953 939 1984 965 et
2002 935 2154 974 petulanti

1281 974 1435 1003 verborum
1464 975 1601 1003 iaetantia
1626 974 1765 1010 loquutus
1791 977 1843 1008 est,
1870 973 1946 1003 faeta
1964 983 2080 1011 qnoque
2099 975 2153 1004 de-

1280 1012 1389 1047 scribit,
1410 1013 1486 1050 quod
1508 1012 1674 1041 immuniter
1694 1011 1750 1040 Dei
1770 1011 1921 1040 ecelesiam
1943 1012 2086 1050 affligant.
2114 1011 2153 1042 Si

1280 1049 1433 1088 indignum
1462 1055 1505 1080 est
1531 1060 1549 1079 a
1574 1050 1703 1088 profanis
1730 1050 1848 1087 regibus
1868 1049 1998 1080 subditos
2017 1059 2088 1080 snos
2105 1050 2157 1080 inÎ‡

1279 1088 1357 1118 iuste
1376 1089 1478 1126 promi.
1497 1093 1576 1119 certe
1595 1088 1718 1118 electum
1738 1087 1795 1117 Dei
1814 1087 1962 1125 populum,
1990 1088 2041 1125 qni
2059 1097 2153 1126 peen-

1279 1127 1360 1156 linris
1385 1130 1430 1156 esi.
1455 1127 1517 1156 eius
1538 1126 1709 1162 haereditas,
1736 1126 1891 1163 tyrannide
1911 1127 2030 1162 oonteri,
2054 1127 2153 1156 multo

1279 1165 1376 1194 minus
1398 1169 1440 1194 est
1460 1165 1620 1194 tolerabile.
1654 1164 1718 1193 Iam
1738 1163 1958 1194 meminerimus
1977 1163 2082 1194 dietari
2101 1164 2153 1195 hie

1280 1203 1364 1233 nobis
1389 1202 1527 1241 precandi
1553 1203 1684 1237 formam,
1711 1202 1821 1238 quoties
1847 1202 1981 1232 scelerati
2006 1202 2152 1239 hominen,

1280 1251 1312 1270 eo
1342 1242 1514 1278 praesertim
1544 1242 1642 1270 hostes
1672 1240 1836 1277 domestici,
1866 1240 1949 1269 nobis
1974 1246 2003 1270 et
2028 1241 2082 1270 rel*
2102 1241 2151 1271 uis

1279 1278 1414 1308 fidelibus
1432 1279 1545 1309 molesti
1567 1283 1643 1308 sunt.
1683 1278 1759 1308 Nam
1780 1278 1849 1316 quie
1870 1287 1927 1308 non
1948 1283 2064 1308 tantum
2073 1251 2151 1309 á¼Ï‰

1279 1325 1365 1347 oui-ae
1385 1323 1430 1347 est
1448 1323 1548 1347 nostra
1569 1317 1658 1354 salus,
1679 1316 1748 1354 quie
1767 1316 1900 1346 homines
1912 1326 2016 1346 sumus
2030 1316 2068 1346 ab
2083 1317 2150 1355 ipso

1280 1356 1407 1384 eonditi:
1426 1356 1476 1384 sed
1497 1357 1585 1384 etiam
1603 1355 1738 1393 pretiosa,
1757 1356 1824 1392 quia
1840 1363 1894 1383 nos
1913 1355 1945 1383 iu
1966 1355 2080 1392 peculio
2093 1365 2149 1386 suo

1280 1398 1396 1423 oenset:
1417 1394 1522 1430 siquid
1537 1394 1666 1431 patimur
1684 1393 1816 1427 iniuriae,
1837 1393 2011 1423 familiarius
2030 1393 2069 1423 ad
2079 1402 2150 1424 eum

1280 1433 1437 1476 oonfugere
1462 1432 1538 1462 lieet.
1579 1431 1721 1469 Sequitur
1741 1430 1832 1460 alters
1852 1430 2046 1475 amplificatio,
2071 1431 2151 1469 qnod

1280 1479 1317 1499 ne
1346 1470 1440 1500 viduis
1471 1470 1581 1507 quidem
1601 1471 1738 1506 pareant.
1764 1469 1891 1506 pupillos
1920 1469 2099 1510 maleficiam(
2116 1479 2153 1501 oc

1275 1509 1448 1545 psrsyrinos.
1488 1509 1579 1545 Atqui
1600 1509 1679 1537 Deus
1707 1513 1857 1544 postquam
1886 1508 1915 1536 in
1940 1517 2046 1545 genere
2066 1517 2153 1546 praeÎ‡

1258 1547 1356 1585 Â¹oepit
1385 1551 1417 1576 ut
1445 1547 1586 1576 iustitiam
1617 1551 1647 1575 et
1676 1545 1851 1582 aequitatem
1879 1550 1982 1576 mutuo
2008 1545 2151 1584 eolamus,

1279 1585 1433 1622 praecipue
1464 1589 1562 1614 tamen
1585 1584 1690 1614 viduas
1718 1589 1749 1612 et
1774 1584 1943 1622 peregrinos
1968 1589 1996 1613 et
2021 1584 2152 1622 pupillos

1280 1623 1478 1652 commendat:
1505 1623 1574 1660 quin
1601 1632 1635 1651 eo
1651 1623 1718 1659 pins
1738 1628 1888 1651 merentur
1907 1623 2100 1652 humanitatis
2119 1629 2152 1653 et

1280 1661 1502 1696 misericordiae.
1522 1671 1578 1706 quo
1598 1661 1690 1698 magis
1704 1660 1822 1690 obnoxii
1838 1665 1909 1690 sunt
1924 1661 2049 1690 iniuriis.
2079 1660 2150 1698 Quo

1280 1699 1374 1737 magis
1401 1708 1432 1728 se
1456 1699 1554 1737 prodit
1579 1699 1715 1736 impietas
1741 1703 1772 1728 et
1793 1698 1852 1728 Dei
1877 1704 2068 1736 contemptus,
2097 1698 2150 1730 ubi

1280 1738 1440 1774 promiscue
1460 1739 1490 1767 in
1512 1747 1560 1767 eos
1590 1737 1746 1767 saeviendo
1765 1745 1825 1765 non
1845 1737 1931 1766 modo
1952 1738 2081 1766 violatur
2101 1739 2149 1767 ins

1278 1785 1440 1812 commune,
1466 1776 1517 1804 aed
1544 1776 1645 1813 privile
1667 1776 1727 1804 ium
1754 1775 1828 1812 quod
1847 1775 1929 1804 Deus
1948 1775 1986 1804 ad
2007 1775 2150 1805 mendam

1279 1822 1380 1842 eorum
1399 1814 1522 1843 salutem
1543 1815 1619 1843 ferre
1638 1785 1775 1852 dgignatus
1795 1818 1848 1842 est.
1880 1813 1984 1850 Itaque
2002 1813 2099 1852 meg-is
2118 1814 2151 1844 in

1280 1861 1310 1882 se
1337 1857 1497 1888 provocant
1523 1853 1597 1881 iram
1618 1852 1675 1880 Dei
1702 1853 1750 1888 qni
1775 1851 1932 1880 crudeliter
1957 1853 1990 1880 in
2017 1852 2086 1882 illos
2105 1853 2154 1882 iu-

1280 1895 1413 1928 surgunt.
1439 1891 1480 1919 Et
1492 1895 1570 1920 oei-te
1584 1890 1688 1927 pueris,
1702 1890 1770 1927 quia
1782 1899 1813 1918 se
1824 1889 1979 1918 defendere
1991 1899 2010 1918 n
2050 1896 2152 1927 neunt,

1280 1934 1360 1958 setas
1397 1929 1460 1966 ipsa
1497 1929 1615 1958 infirmo
1643 1927 1786 1966 praesidio
1818 1933 1864 1957 est
1891 1928 1979 1957 etiarn
2009 1899 2153 1959 aversus

1280 1975 1367 1996 canes
1392 1972 1423 1995 st.
1449 1967 1524 1996 i'eras
1551 1967 1667 1996 bestias.
1706 1965 1802 2002 Quam
1831 1970 1916 2002 turpe
1943 1970 1987 1996 est
2009 1967 2103 2004 igitur
2120 1970 2154 1997 ot

1280 2011 1497 2034 monstruosum
1517 2004 1692 2039 hominibus.
1722 2005 1798 2033 vires
1818 2013 1886 2033 suas
1905 2009 2008 2034 eontra
2026 2014 2078 2034 eos
2096 2013 2152 2034 exÎ‡

1281 2043 1392 2081 periri?
1424 2043 1515 2072 Porro
1537 2043 1619 2081 qnasi
1638 2043 1669 2072 in
1690 2042 1806 2080 speculo
1827 2043 1974 2072 cernimus
1993 2050 2083 2080 quam
2099 2042 2152 2073 de-

1280 2081 1382 2110 formis
1407 2084 1476 2111 tuno
1503 2082 1592 2111 fuerit
1618 2081 1647 2110 in
1674 2081 1795 2110 ecelesia
1820 2081 1951 2110 vastitas.
1990 2081 2067 2110 Erat
2091 2081 2153 2115 lex.

1280 2123 1366 2148 erant
1385 2119 1488 2148 iudioia
1509 2119 1651 2148 divinitus
1670 2119 1822 2148 instituta:
1843 2118 1977 2148 videmus
1995 2125 2096 2148 tamen
2116 2123 2152 2149 ut

1280 2157 1412 2187 horribili
1439 2157 1524 2187 modo
1549 2157 1741 2187 exundaverit
1766 2166 1852 2186 omne
1879 2166 1970 2194 genus
1996 2157 2150 2188 scelernm.

1280 2196 1360 2233 Ergo
1380 2195 1501 2226 sollicite
1522 2195 1683 2226 serendum
1704 2200 1747 2224 est
1766 2205 1805 2225 ne
1820 2195 1889 2233 quid
1911 2195 1970 2226 tale
1988 2195 2074 2226 nobis
2092 2205 2152 2226 usn

1282 2234 1394 2263 veniet:
1421 2234 1496 2271 quod
1517 2234 1542 2263 si
1563 2238 1660 2262 tamen
1681 2234 1777 2262 nontin
1799 2239 1831 2262 nt
1849 2234 2020 2272 peregrinos
2039 2234 2152 2265 iniusto

1258 2307 1259 2313 á¼µ
1281 2273 1391 2309 vexari,
1411 2273 1522 2310 raptari
1540 2271 1645 2301 viduas
1664 2272 1693 2300 in
1709 2243 1854 2309 praegam,
1875 2273 1993 2310 spoliari
2005 2272 2153 2310 pupillos:

1257 2318 1259 2348 Î¹
1280 2311 1426 2348 rogandus
1446 2315 1491 2340 eat
1510 2310 1593 2339 Deus
1613 2315 1645 2338 nt
1664 2319 1763 2339 sorum
1784 2310 1978 2347 patrocinium
1997 2310 2150 2348 suscipiat,

1280 2349 1365 2378 sinoti
1385 2348 1517 2386 exemplo
1537 2357 1588 2377 suo
1608 2347 1750 2385 propbeta
1770 2357 1823 2377 nos
1839 2347 1875 2377 ad
1891 2347 2032 2378 levandas
2045 2357 2151 2379 eorum

1282 2388 1412 2416 miserius
1434 2387 1576 2415 hortetur.

1359 2463 1384 2492 7.
1407 2462 1445 2492 Et
1464 2463 1604 2496 dixerunt,
1627 2462 1692 2492 Non
1710 2462 1812 2492 videbit
1830 2462 1918 2498 Deus.
1945 2471 2000 2492 non

1282 2502 1362 2531 Deus
1388 2501 1481 2530 Iacob.
1521 2501 1547 2529 8.
1570 2501 1718 2538 Intelliyiie
1743 2501 1906 2538 insipienter
1928 2502 1961 2530 in
1978 2501 2102 2538 popoelo:
2125 2503 2151 2531 d

1258 2563 1260 2565 >
1282 2540 1360 2570 stulti
1389 2539 1499 2575 quando
1517 2539 1655 2574 sapietis?
1695 2539 1722 2568 9.
1746 2539 1800 2576 Qui
1815 2539 1958 2576 plantavit
1976 2548 2084 2576 aurem,
2111 2548 2150 2570 an
