2396 3041
256 369 311 398 893

255 453 318 483 eide
337 454 368 482 et
386 462 451 482 eum
472 453 587 482 silentio
607 453 746 482 devorent
763 453 901 482 iniuria:
934 461 991 482 non
1012 453 1120 482 frustra

254 495 336 529 optat
354 491 451 520 David
471 491 607 520 claustris
626 501 660 520 os
679 501 763 520 suum
783 496 813 520 et
833 489 964 520 custodia
983 490 1120 527 obserari,

255 530 385 574 adeoque
402 529 507 559 ostium
527 530 586 559 oris
604 529 650 559 sni
671 529 802 560 clausum
820 528 915 558 teneri
941 539 958 558 a
977 528 1054 564 Dee¹
1081 529 1120 558 si-

254 568 314 599 enti
333 568 441 597 ianitor
461 568 608 604 ingressus
629 572 658 596 et
678 576 812 605 egressus
831 567 981 596 observat:
1009 567 1034 596 si
1056 567 1120 604 qui-

255 606 319 635 dem
338 612 430 642 ,ἾἾὛΩ
447 606 568 634 verbum
585 610 628 634 est
644 606 811 641 imperativi
826 604 902 634 modi
919 605 1016 642 potius
1032 615 1118 642 quam

254 653 370 674 nomen.
409 643 545 674 Secundo
564 643 712 681 *adiungin
738 653 772 673 ne
793 643 872 672 Deus
895 652 942 672 cor
965 643 1056 679 ipsuis
1075 643 1120 673 in-

253 682 333 713 olim
361 681 400 712 ad
427 691 485 711 rem
509 681 624 712 malam.
662 687 737 719 ὌἾ
756 681 849 715 enim.
879 686 914 710 ut
933 691 1018 718 saepe
1038 681 1118 715 alias,

253 729 306 758 pro
326 721 445 758 negotio
463 720 510 748 hie
526 721 649 757 ponitur.
681 721 721 748 Et
735 725 863 748 mentem
883 729 966 748 suam
983 721 1119 749 continuo

254 764 318 826 post
338 757 475 793 declarat,
494 767 533 787 ne
551 757 659 787 scilieet
681 758 829 787 malefieiis
849 757 984 786 certando
1015 757 1119 787 similis

274 796 386 827 ostibus
406 796 468 826 suis
493 795 641 826 reddatur.
680 795 746 826 Hoc
763 795 888 825 Davidis
914 795 1066 825 eonsilium
1093 796 1118 824 si

252 835 341 871 probe
361 834 547 872 expendisset
573 834 730 863 monaehus
756 834 806 862 ille
835 835 918 863 euius
947 834 1054 863 mentio
1084 835 1118 862 fit

252 872 330 910 apud
356 873 533 907 Eusebium,
562 882 621 901 non
648 877 707 901 tum
733 871 856 909 insipide
888 872 1002 901 silentio
1029 872 1118 901 totius

250 910 393 948 septennii
414 916 544 948 putasset
563 919 595 940 se
615 911 798 947 perfunctum
825 919 888 939 esse
915 910 1016 947 optimi
1036 910 1119 940 disei-

271 949 313 978 uli
334 949 473 986 partibus.
513 948 614 984 Quum
641 948 770 983 audiret,
798 957 882 977 rarae
908 957 972 977 esse
1000 948 1118 977 virtutis

262 986 382 1024 inguam
402 996 592 1024 compescere,
611 987 735 1015 contulit
755 996 787 1015 se
805 987 837 1016 in
858 992 999 1015 remotam
1016 987 1116 1015 solitu-

252 1025 363 1055 dinem:
395 1034 446 1055 nee
475 1024 511 1054 ad
541 1025 713 1062 magistrum
742 1034 876 1054 reversus
907 1030 950 1054 est
976 1024 1033 1054 nisi
1054 1029 1118 1061 post

251 1068 361 1100 septem
380 1072 487 1099 annos,
514 1069 583 1092 tune
602 1071 671 1092 vero
690 1068 812 1100 rogatus
836 1062 872 1091 de
897 1071 985 1092 cansa
1009 1071 1116 1098 merae,

250 1110 282 1130 se
302 1101 475 1130 meditatum
494 1111 558 1130 esse
577 1101 726 1138 respondit
745 1101 819 1138 quod
845 1101 985 1130 didicerat
1004 1110 1042 1129 ex
1061 1101 1116 1130 hoe

251 1149 347 1169 versu.
388 1138 446 1169 Sed
466 1138 613 1176 rogandus
639 1138 724 1168 simul
751 1146 813 1168 erat
838 1148 876 1168 an
904 1138 977 1168 nihil
1004 1139 1116 1168 interea

250 1178 414 1215 cogitasset.
453 1178 619 1206 Cohaerent
638 1177 717 1205 enim
737 1177 813 1206 inter
831 1186 863 1206 se
883 1178 938 1206 ieta
958 1177 1027 1212 duo,
1047 1178 1116 1206 taci-

251 1221 371 1244 turnnm
391 1225 470 1251 esse,
496 1221 525 1244 et
544 1216 703 1244 immunem
722 1225 740 1244 a
758 1216 856 1252 pravis
881 1215 1114 1252 cogitationibus.

250 1253 343 1291 Atqui
363 1253 427 1283 fieri
446 1253 550 1290 potuit.
571 1259 604 1282 ut
623 1252 742 1283 tacendo
771 1253 877 1282 multas
897 1262 995 1283 seeum
1011 1254 1115 1290 impias

249 1291 437 1330 cogitationes
455 1292 622 1329 agitaverit:
644 1292 719 1328 quod
740 1291 866 1320 deterius
881 1296 925 1320 est
944 1301 1031 1328 quam
1047 1292 1116 1320 futi-

250 1329 316 1358 liter
336 1329 459 1367 obloqui.
498 1329 639 1358 Crassum
658 1329 714 1358 hoe
733 1329 867 1361 delirium
888 1329 1013 1358 breviter
1029 1331 1115 1359 attin-

249 1377 318 1436 gere
338 1367 457 1405 placuit,
486 1374 517 1397 ut
537 1367 680 1397 discerent
700 1367 820 1397 lectores
839 1367 908 1404 quid
928 1368 974 1403 sit,
994 1368 1114 1405 postha-

269 1407 309 1434 ito
333 1406 484 1443 scriptoris
512 1406 644 1440 oonsilio,
674 1406 795 1435 verbum
826 1414 918 1434 unum
948 1406 1114 1435 mutilatum

249 1445 387 1480 arripere.
426 1444 518 1472 Porro
543 1444 640 1472 David
667 1448 726 1472 tam
756 1453 904 1473 sermones
933 1453 1000 1473 suos
1028 1453 1114 1480 quam

249 1482 370 1512 affectus
385 1482 446 1512 Deo
461 1481 601 1519 regendos
610 1481 827 1517 commendans,
842 1482 950 1511 fatetur
961 1491 1018 1511 nou
1029 1482 1113 1512 aliter

249 1529 336 1557 quam
363 1529 470 1550 areana
495 1519 614 1556 spiritus
644 1519 841 1548 moderatione
870 1525 899 1548 et
929 1525 1054 1550 mentem
1086 1525 1114 1549 et

250 1558 380 1596 linguam
398 1558 427 1586 in
450 1558 543 1587 officio
562 1559 671 1586 teneri:
692 1559 861 1594 praesertim
883 1557 931 1587 ubi
952 1553 996 1586 ad*
1009 1559 1114 1588 intem-

286 1597 357 1625 riem
379 1606 432 1625 nos
451 1595 576 1625 bostium
598 1595 758 1633 petulantia
778 1595 908 1633 impellit.
948 1596 1010 1626 Iam
1027 1597 1051 1626 si
1072 1596 1116 1626 lu—

249 1606 329 1664 Essioa
347 1639 393 1664 est
411 1642 446 1663 ac
465 1634 552 1663 nimis
573 1633 706 1663 volubilis
726 1634 835 1672 lingua.
856 1635 911 1663 nisi
932 1635 1013 1664 Deus
1032 1635 1114 1672 quasi

249 1677 344 1702 eustos
364 1677 395 1701 et
413 1673 564 1701 excubitor
584 1682 647 1701 eam
666 1673 829 1709 contineat,
859 1682 917 1701 non
943 1673 1040 1702 minus
1066 1683 1114 1702 ne-

249 1719 327 1740 cesse
347 1715 391 1740 est
411 1711 491 1739 intus
510 1709 637 1740 oohiberi
658 1710 840 1739 turbulentos
853 1711 983 1740 afflictus.
1011 1710 1114 1747 Qualis

249 1750 324 1778 enim
346 1749 461 1777 officina
480 1755 525 1777 est
543 1757 591 1776 cor
608 1748 740 1781 hominis,
765 1754 796 1776 et
814 1757 901 1786 quam
921 1750 1002 1778 varia
1022 1749 1113 1778 conei-

249 1787 287 1816 lia
306 1787 429 1824 singulis
449 1787 509 1815 fere
525 1787 678 1816 momentis
695 1787 836 1815 fabricat?
867 1787 1032 1816 Fatendum
1047 1796 1114 1824 ergo

249 1830 292 1854 est
311 1835 376 1854 cum
397 1823 528 1859 Davi-10,
554 1825 610 1854 nisi
630 1824 712 1854 Deus
731 1824 818 1854 corda
837 1830 865 1854 et
886 1825 1000 1862 liuguae
1020 1831 1113 1854 custo—

249 1861 317 1898 diat,
345 1862 457 1892 nullum
478 1863 537 1892 fore
559 1862 674 1892 modum
696 1863 794 1900 pravie
814 1867 872 1892 tam
893 1862 1114 1900 cogitationibus

248 1910 332 1937 quam
363 1901 473 1930 verbis:
510 1901 576 1938 quia
601 1905 631 1930 et
660 1901 776 1938 linguae
802 1901 940 1930 modestia
967 1901 1114 1939 singulare

249 1944 294 1968 est
312 1940 430 1975 spiritus
452 1939 573 1968 denum:
593 1946 623 1968 et
636 1938 728 1968 Satan
743 1949 890 1976 nunquam
906 1940 997 1968 multu
1009 1950 1113 1977 sugge-

249 1986 313 2006 rere
331 1975 443 2006 desinet
462 1986 535 2014 quae
556 1987 608 2006 nos
629 1977 727 2013 facile,
754 1978 810 2006 imo
829 1977 934 2014 cupide
959 1978 1113 2015 amplecte-

249 2024 329 2050 mur,
353 2016 410 2044 nisi
430 2025 461 2044 se
481 2015 564 2044 Deus
584 2021 718 2052 opponat.
758 2015 819 2044 Nec
844 2015 999 2045 absurdum
1020 2015 1114 2045 videri

249 2053 334 2082 debet
352 2054 377 2082 si
395 2054 518 2082 inclinet
535 2053 619 2082 Deus
639 2053 674 2082 ad
703 2063 747 2082 res
772 2054 865 2082 males
892 2054 978 2082 eorda
1004 2059 1113 2090 nostra,

249 2100 322 2128 quae
341 2098 412 2121 sunt
430 2093 461 2120 in
482 2092 544 2121 eius
564 2101 660 2125 manu.
683 2097 715 2120 ut
734 2092 796 2121 eius
816 2093 934 2120 arbitrio
962 2093 1018 2122 hue
1044 2093 1114 2122 illuc

249 2129 412 2159 flectantur.
445 2129 509 2159 Non
525 2130 600 2166 quod
621 2129 657 2158 ad
677 2129 769 2159 malus
788 2129 959 2166 cupiditates
979 2141 1032 2160 nos
1051 2130 1113 2167 ipse

249 2167 398 2196 sollicitet:
420 2167 470 2196 sed
489 2169 559 2204 quia
578 2169 691 2197 areanis
711 2168 771 2196 suis
790 2168 904 2197 iudiciis
926 2169 1041 2198 tradens
1057 2169 1113 2198 Sa-

249 2212 336 2235 tanae
355 2207 501 2241 tyrannidi
522 2206 665 2243 reprobos,
686 2212 713 2234 et
733 2206 849 2243 quidem
863 2207 1016 2235 efficaciter
1030 2216 1113 2235 man·

249 2243 357 2281 eipans,
379 2244 480 2273 merito
500 2243 615 2274 dicitiur
633 2253 787 2273 excaecare
807 2251 836 2273 et
853 2243 1002 2273 obdurare.
1033 2245 1113 2274 Inte-

249 2283 303 2310 rim
322 2282 408 2319 culpa
427 2283 566 2312 scelerum
597 2288 680 2311 extra
706 2282 838 2311 hemines
865 2283 1029 2319 quaerenda
1054 2292 1113 2312 non

249 2328 298 2355 est,
326 2321 357 2349 in
379 2321 482 2358 quibus
502 2321 608 2349 residet
626 2330 718 2349 conen
739 2321 871 2350 iseentiaz
902 2326 932 2349 et
950 2331 1040 2358 quum
1061 2331 1113 2350 ne-

249 2358 382 2388 turaliter
402 2363 540 2396 appetant
562 2358 667 2387 bonum
687 2367 722 2387 ve
755 2358 879 2395 malum,
907 2369 963 2388 non
990 2365 1113 2388 externo

189 2399 192 2403 '
249 2397 381 2434 impulsu,
403 2397 452 2425 sed
473 2402 576 2433 sponte
592 2403 621 2424 et
634 2397 751 2434 proprio
765 2398 835 2425 vitio
856 2397 892 2426 ad
909 2398 1017 2426 malum
1034 2398 1114 2426 incli-

249 2440 329 2463 nant.
369 2434 426 2464 Ubi
456 2434 567 2463 reddidi
597 2435 634 2463 ad
660 2435 803 2472 patranda
831 2445 915 2472 opera
943 2437 974 2464 iu
999 2437 1111 2472 pietate,

249 2482 308 2502 nou
328 2473 404 2502 male
423 2472 539 2510 quidam
568 2478 700 2507 vertunt,
727 2473 774 2502 Ad
795 2473 979 2510 cogitandum
1006 2474 1113 2511 eogita-

249 2511 348 2540 tiones.
389 2511 448 2539 Sed
468 2513 536 2548 quia
556 2511 656 2540 eodem
682 2511 785 2540 recidit
810 2520 927 2547 sensus,
957 2521 1015 2540 non
1041 2512 1114 2541 adeo

249 2548 355 2578 laboro.
396 2549 454 2578 Por
473 2554 607 2593 050922
627 2548 713 2586 (quod
742 2559 847 2578 nomen
875 2551 1014 2582 vertimus
1041 2549 1111 2579 deli-

983 367 1178 398 Psamms
1195 367 1307 398 oxm.

1976 366 2034 396 394

1164 451 1236 491 cias)
1255 451 1466 482 iueunditatem
1485 451 1622 488 intelligit
1641 459 1699 489 que.
1718 461 1750 481 se
1778 450 1924 480 oblectant
1949 451 2031 490 impii

1164 489 1304 528 quamdiu
1324 499 1375 528 pro
1394 499 1448 520 sua
1460 489 1640 527 indulgentia
1653 488 1736 520 Deus
1749 488 1786 519 ad
1803 499 1902 519 eorum
1922 489 2031 520 scelera

1164 529 1310 559 connivet.
1351 527 1445 559 Sicuti
1474 534 1570 559 sutem
1601 526 1739 557 audacius
1767 527 1961 562 insolescunt,
1989 528 2030 556 ita

1164 566 1324 604 perieulum
1344 570 1391 596 est
1408 576 1446 595 ne
1466 566 1566 596 fideles
1584 575 1686 595 eorum
1706 567 1898 603 prosperitate
1919 565 2031 603 decepti

1163 604 1253 634 simul
1271 606 1358 634 etiam
1386 604 1528 634 diffluant.
1566 603 1694 641 Ideoque
1720 614 1779 633 non
1803 604 1855 634 abs
1880 613 1912 633 re
1931 603 2030 634 David

1164 652 1269 673 areana
1288 642 1408 680 spiritus
1426 643 1519 672 sancti
1544 642 1643 672 fraeno
1670 641 1790 672 retineri
1817 641 1962 680 postulat,
1992 651 2030 672 ne

1164 681 1296 718 epuletur
1315 690 1351 710 ox
1372 690 1471 710 eorum
1485 680 1611 710 deliciis:
1630 680 1684 709 hoe
1699 684 1751 718 est¹
1773 690 1809 710 ne
1822 680 1917 710 fallaci
1932 689 2028 710 amoe-

1164 719 1256 748 nitate
1275 729 1339 748 sese
1357 719 1393 748 ad
1414 718 1552 755 peccandi
1571 718 1720 748 licentiam
1735 718 1868 755 inebriet,
1888 725 1973 756 atque
1989 719 2029 748 ita

1164 758 1195 786 in
1216 757 1339 795 peceatis
1360 756 1553 794 voluptuetur.

1239 833 1267 862 5.
1288 833 1433 862 Ferentini
1451 843 1494 862 me
1513 834 1604 862 iustus
1623 833 1778 868 chemmin,
1803 835 1829 862 et
1852 833 1963 870 castiget
1987 843 2030 862 me

1163 871 1250 901 oleum
1264 872 1430 909 pretiosum,
1456 881 1512 901 non
1528 871 1639 916 franqet
1657 873 1739 909 caput
1757 879 1863 900 mem:
1892 870 1961 909 quia
1981 871 2031 901 ad-

1163 909 1449 940 huodoraem'omea
1477 910 1508 940 in
1534 909 1619 939 nulus
1643 918 1746 939 eorm.
1783 909 1811 939 6.
1833 908 1939 939 Deiedi
1964 911 2030 939 eunt

1164 949 1193 976 in
1219 948 1278 977 loca
1302 957 1408 978 mosa
1436 948 1543 977 iud-'m
1567 957 1677 976 eorum:
1704 950 1730 976 et
1755 946 1867 977 aud-'eat
1893 957 2029 977 sermonen

1161 994 1250 1015 meos:
1284 986 1352 1023 quia
1383 995 1486 1016 suaves
1510 988 1583 1015 wat.
1623 985 1650 1015 7.
1677 984 1767 1015 Simoin·
1797 985 1846 1024 qus·
1869 985 1978 1023 franqt't
2002 988 2028 1015 et

1162 1024 1284 1092 sxa-¹⁵„
1308 1027 1394 1060 terra,
1418 1024 1546 1062 dispersa
1571 1025 1636 1054 sunt
1661 1033 1725 1054 ossa
1748 1026 1844 1054 nostra
1869 1023 1908 1053 ad
1932 1032 1962 1053 os
1987 1033 2030 1054 se-

1159 1071 1199 1101 pu
1243 1071 1261 1092 ι.

1237 1138 1263 1168 5.
1289 1137 1442 1177 (Pernam
1470 1138 1531 1178 me.)
1579 1137 1658 1174 Quia
1686 1137 1754 1168 dum
1781 1138 1886 1176 impios
1917 1138 2028 1168 inescat

1162 1176 1255 1207 Satan
1275 1177 1335 1207 suis
1354 1177 1513 1212 illecebris,
1542 1177 1629 1206 simul
1655 1177 1709 1214 ipsi
1740 1186 1854 1214 quoque
1882 1177 1934 1206 alii
1961 1177 2026 1206 aliis

1161 1214 1334 1244 blandiendo
1354 1224 1385 1244 se
1405 1221 1506 1244 mutuo
1526 1214 1689 1252 decipiunt:
1717 1215 1843 1244 affirmat
1863 1214 1911 1244 hie
1929 1213 2028 1244 David

1161 1253 1253 1283 multo
1273 1253 1330 1283 sibi
1350 1263 1412 1283 esse
1431 1252 1595 1290 optabilius,
1617 1253 1854 1291 castigationibus
1878 1252 1961 1283 velut
1987 1252 2026 1282 fe-

1161 1292 1232 1321 rulis
1252 1291 1367 1321 assidue
1386 1292 1586 1330 expergefieri,
1605 1299 1692 1328 quam
1713 1291 1775 1321 fulli
1795 1291 1928 1321 inanibus
1945 1290 2026 1320 blan·

1161 1330 1250 1360 ditiis.
1278 1330 1353 1358 Nam
1374 1331 1442 1366 quia
1462 1330 1538 1358 inter
1560 1330 1613 1358 Dei
1635 1334 1848 1366 contemptores
1868 1339 1925 1358 uon
1946 1337 2026 1358 coar—

1161 1369 1262 1406 guitur
1280 1367 1332 1406 qui.
1351 1368 1405 1398 boc
1425 1367 1472 1397 rel
1492 1367 1542 1397 illo
1563 1367 1634 1397 vitio
1654 1367 1777 1398 inseetus
1804 1374 1865 1403 est,
1893 1366 2023 1404 quisquis

1161 1406 1197 1436 ad
1223 1407 1378 1437 sanitatem
1407 1406 1537 1443 adspirat
1560 1405 1661 1435 sedulo
1688 1405 1846 1443 adiungere
1869 1414 1902 1434 se
1927 1405 2025 1442 probis

1161 1445 1327 1474 hominibus
1344 1445 1437 1480 debet,
1455 1445 1505 1481 qui
1521 1445 1629 1473 sanctis
1645 1443 1854 1473 monitionibus
1870 1444 2026 1473 restituant

1161 1483 1316 1517 labentem.
1336 1483 1385 1512 vel
1405 1488 1551 1512 errantem
1569 1482 1600 1511 in
1619 1482 1696 1511 viam
1713 1486 1855 1512 revocent.
1891 1481 1946 1511 Est
1962 1481 2025 1518 qui-

1162 1520 1227 1550 dem
1240 1520 1294 1550 hoc
1307 1521 1385 1550 carni
1403 1520 1522 1550 minime
1538 1519 1706 1556 iucundum,
1723 1519 1896 1557 reprehendi
1914 1519 2025 1558 quoties

1162 1559 1374 1596 delinquimus:
1403 1559 1451 1588 eed
1474 1559 1570 1588 David
1588 1557 1625 1586 ad
1645 1558 1818 1587 docilitatem
1847 1562 1877 1587 et
1902 1558 2027 1587 toleran-

1162 1598 1232 1626 tiam
1252 1598 1294 1626 sio
1314 1601 1512 1634 composuerat
1531 1597 1674 1631 animum,
1702 1601 1735 1625 ut
1754 1597 1837 1626 nulla
1863 1596 1946 1626 obiur
1984 1596 2023 1626 tio

1161 1635 1264 1665 acerba
1285 1635 1371 1668 foret.
1398 1643 1487 1673 quam
1512 1635 1597 1664 eoiret
1625 1643 1642 1664 a
1667 1635 1772 1671 spiritu
1792 1639 1946 1664 mansuetu
1967 1634 2023 1664 inis

1161 1673 1319 1711 prefeetam
1339 1682 1410 1703 esse.
1451 1673 1529 1708 Quia
1550 1678 1645 1702 tamen
1667 1673 1695 1702 in
1717 1673 1813 1702 verbis
1842 1673 1941 1702 subest
1969 1673 2021 1702 ali-

1159 1722 1216 1748 qua
1236 1712 1423 1749 ambiguitas,
1451 1710 1609 1740 videndum
1627 1715 1672 1740 est
1690 1711 1822 1748 quisnam
1845 1721 1947 1740 seusus
1971 1721 2023 1748 op-

1161 1750 1229 1779 time
1264 1749 1424 1780 conveniat.
1475 1748 1586 1779 Nomen
1620 1755 1699 1787 ὋΠ
1733 1749 1881 1779 commode
1917 1749 2024 1779 resolvi

1159 1792 1255 1825 posset
1275 1788 1304 1816 in
1325 1787 1496 1816 adverbium
1515 1787 1686 1816 clementer:
1708 1787 1755 1817 vel
1774 1787 1921 1817 subaudiri
1943 1796 2025 1825 prae-

1159 1826 1252 1863 posito
1276 1826 1321 1854 in:
1351 1825 1430 1854 etin
1451 1825 1526 1854 hana
1553 1825 1729 1854 senteutiam
1757 1824 1904 1854 deseendit
1930 1825 2023 1855 maier

1159 1873 1226 1901 pare
1255 1864 1464 1901 interpretum,
1493 1863 1592 1892 Instar
1620 1863 1724 1901 optimi
1751 1864 1895 1902 unguenti
1915 1862 2022 1894 Dnvidi

1159 1903 1219 1931 fore
1246 1901 1439 1932 correctiones
1467 1911 1540 1938 quae
1569 1901 1724 1939 spirabunt
1752 1901 1964 1931 humanitatem
1994 1907 2023 1931 et

1159 1939 1351 1974 elementiam¹
1372 1939 1420 1968 vel
1440 1949 1476 1968 ex
1497 1939 1610 1976 placide
1630 1939 1825 1977 benevoleque
1840 1941 1936 1968 anime
1957 1949 2022 1969 nas·

1161 1984 1273 2008 centur.
1311 1977 1344 2007 Si
1366 1977 1475 2015 placeat
1495 1977 1567 2007 base
1586 1978 1677 2012 lectio,
1699 1977 1857 2007 notandum
1879 1978 1941 2012 erit,
1960 1977 2021 2007 Da-

1161 2016 1253 2046 videm
1276 2026 1333 2045 non
1356 2022 1414 2044 tam
1434 2016 1471 2045 ml
1490 2022 1645 2045 externum
1676 2015 1884 2054 obiurgatione
1905 2015 2019 2045 modum

1159 2063 1244 2092 quam
1275 2053 1311 2084 ad
1340 2054 1594 2082 mansuetudinem
1629 2054 1724 2084 cordis
1757 2055 1908 2091 respicere.
1958 2054 2022 2083 Etsi

1159 2094 1236 2122 enim
1257 2093 1362 2122 aeriter
1389 2092 1601 2121 excandescant
1628 2092 1711 2127 insti,
1740 2097 1770 2121 et
1795 2101 1896 2122 severe
1926 2091 2022 2121 verbis

1159 2136 1289 2160 errantes
1314 2130 1471 2168 castig-ent,
1501 2139 1558 2159 non
1586 2137 1684 2160 tamen
1708 2129 1765 2159 alio
1790 2140 1875 2167 quam
1901 2130 2022 2160 fraterni

1159 2169 1264 2198 amoris
1287 2169 1394 2198 affeetu
1421 2174 1587 2203 moventur,
1614 2169 1672 2198 imo
1697 2169 1838 2206 asperitas
1864 2169 1928 2206 ipsa
1951 2177 2021 2197 vere

1159 2217 1195 2236 ex
1221 2207 1268 2244 pia
1293 2206 1487 2236 sollicitudine
1515 2207 1649 2244 emergit.
1680 2207 1749 2236 dum
1778 2207 1900 2236 fratrum
1929 2206 2020 2235 saluti

1159 2250 1300 2274 metuunt.
1341 2243 1507 2274 Clementer
1526 2254 1596 2282 ergo
1615 2254 1646 2274 se
1667 2250 1749 2282 geret
1774 2254 1888 2282 semper
1916 2245 2021 2282 iustus,

1157 2283 1291 2320 quamvis
1321 2283 1421 2311 durior
1449 2291 1500 2311 aut
1528 2283 1725 2312 vehementior
1754 2288 1904 2320 appareat:
1933 2283 2021 2312 sicuti

1158 2321 1303 2356 malevoli,
1323 2321 1455 2358 quamvis
1474 2322 1578 2350 leviter
1594 2326 1707 2350 tautum
1726 2321 1932 2358 perstringant,
1952 2326 2022 2350 sunt

1158 2365 1255 2388 tamea
1277 2358 1437 2388 inhumani.
1476 2358 1610 2396 Denique
1631 2359 1684 2389 bae
1711 2365 1780 2388 nota
1800 2358 1896 2389 David
1923 2359 2020 2392 obiur-

1157 2397 1287 2436 gationes
1307 2406 1323 2425 a
1342 2398 1454 2426 sineere
1473 2405 1570 2426 amore
1588 2398 1732 2435 profectas
1747 2397 1908 2427 discernere
1927 2397 2021 2427 voluit

1158 2446 1175 2465 a
1195 2435 1328 2464 convitiis
1348 2443 1422 2472 quae
1440 2445 1475 2464 ex
1499 2435 1563 2464 udin
1581 2435 1624 2464 vel
1642 2435 1800 2465 inimicitiis
1817 2440 2019 2472 prorumpunt,

1157 2474 1233 2504 sicut
1257 2472 1326 2503 dicit
1352 2473 1483 2507 Selom,
1512 2473 1601 2503 va.
1627 2473 1677 2508 10,
1706 2473 1750 2503 12.
1790 2474 1893 2511 Aeque
1921 2478 2020 2503 tamen

1159 2512 1279 2550 quadrat
1300 2512 1414 2541 diversa
1432 2511 1629 2548 interpretatio
1651 2520 1738 2548 qnam
1758 2512 1855 2550 posui,
1872 2512 2019 2549 Corripiat

1158 2560 1204 2579 me
1225 2550 1333 2586 iustus,
1362 2549 1515 2578 clementia
1535 2550 1602 2578 erit:
1631 2549 1705 2587 (vel,
1735 2550 1790 2579 hoc
1818 2549 1961 2587 deputabo
1986 2550 2018 2579 in
