2396 3041
324 325 328 332 '
345 333 402 364 255

347 422 380 447 ut
408 427 457 447 eos
486 418 518 447 in
549 418 627 447 viam
657 417 784 447 reducat.
833 417 910 447 Nam
940 417 1005 446 Deo
1034 417 1211 454 aequitatem

346 455 475 486 tribuere
501 464 558 501 qua
583 458 699 485 tantum
723 464 796 494 erga
816 454 920 500 dignos
946 459 975 484 et
999 455 1073 485 bene
1091 455 1212 486 meritos

346 498 455 529 utatur,
481 493 587 532 frigida
611 498 641 522 et
663 494 762 523 ieiuna
787 497 833 522 est
852 493 1038 531 imaginatio:
1064 496 1095 524 et
1113 498 1212 523 nmen

347 541 406 562 nen
432 533 518 562 aliter
543 532 632 570 vulgo
657 532 755 561 Deum
779 531 908 561 mundns
933 531 1039 561 bonum
1055 533 1212 570 cognoscit.

347 571 433 602 Unde
457 571 535 600 enim
560 571 595 600 fit
619 575 653 600 ut
671 569 731 599 Dei
755 569 984 600 misericordiam
1010 569 1063 599 vix
1088 569 1212 600 centesi-

346 619 411 640 mus
430 608 552 648 quisque
570 608 607 638 ad
627 617 658 638 se
679 608 814 646 applicet.
841 608 899 638 nisi
917 608 986 645 quin
1006 617 1070 638 eam
1090 608 1127 638 ad
1148 608 1212 652 dig-

347 656 401 678 nos
432 647 635 685 restringunt?
680 647 772 683 Atqui
812 647 860 676 hic
890 645 996 676 dicitnr
1025 646 1211 676 reen'tudinis

347 695 418 716 suae
442 686 590 724 weciuum
619 684 715 722 edere,
739 685 810 714 dum
834 689 1066 722 transgressores
1097 685 1129 714 in
1161 684 1212 714 via

347 725 438 762 docet,
463 724 540 763 quod
567 722 739 753 tantundem
764 722 846 752 valet
862 730 950 760 atque
967 731 1070 752 vocare
1089 722 1125 752 sd
1145 731 1212 760 poe-

347 763 510 799 nitentiam,
539 766 570 791 et
597 762 750 792 instituere
778 761 816 790 ad
844 766 925 790 recte
953 761 1122 790 vivendum.
1171 761 1212 790 Et

347 805 425 831 certe
451 800 508 830 nisi
533 799 572 829 ad
596 799 704 829 inferos
749 804 866 828 enetret
880 797 938 828 Dei
966 799 1086 836 bonitas,
1118 799 1211 836 nemi-

346 849 413 870 nem
433 847 562 878 unquam
582 837 715 876 attinget.
762 836 870 867 ictitias
888 845 957 866 suas
975 837 1211 882 praeparationes

345 878 454 908 iactent
473 885 510 916 pa
530 877 618 907 istae:
643 885 699 906 nos
723 885 794 905 voro
812 878 972 911 teneamus,
998 875 1055 904 nisi
1074 879 1210 905 antever-

346 921 390 945 tat
409 916 491 946 Deus
574 915 638 944 inse
657 923 710 944 sua
730 914 834 951 gratia,
859 918 956 942 aetum
976 923 1041 942 esse
1060 913 1098 942 de
1116 913 1211 942 omni-

346 955 411 984 bus.
449 953 536 983 Hanc
561 953 799 991 praevenientem
825 950 870 991 (ut
894 950 1065 991 loquuntur)
1084 951 1209 990 gratiam

346 1001 424 1023 nunc
440 991 624 1022 commendat
644 991 758 1020 David:
777 991 842 1020 sive
860 998 950 1027 quum
971 989 1053 1019 Deus
1072 991 1108 1019 ab
1127 991 1211 1019 initio

346 1039 398 1061 nos
414 1039 533 1065 vocans,
561 1028 792 1074 regenerationis
814 1028 920 1066 spiritu
939 1031 1106 1066 comptam
1125 1032 1211 1056 natu-

347 1077 411 1098 ram
429 1069 560 1106 refingit:
582 1077 644 1097 sive
664 1076 754 1105 quum
773 1066 900 1104 peccatis
918 1066 1062 1096 alienatos
1080 1075 1098 1096 a
1116 1065 1211 1096 defec-

346 1108 426 1137 tione
445 1106 566 1136 reducit.
591 1105 668 1136 Nam
688 1114 778 1143 quum
797 1109 964 1143 peccatores
984 1105 1119 1134 dicantur
1137 1113 1211 1141 quoe

348 1145 430 1175 Deus
455 1145 560 1182 recipit
587 1144 619 1173 in
649 1143 814 1181 discipulos,
844 1143 983 1180 sequitur,
1013 1143 1076 1172 eiua
1105 1143 1211 1180 spiritu

347 1183 482 1212 renovari
502 1187 535 1212 nt
555 1181 661 1212 dociles
680 1185 710 1212 ct
729 1182 867 1220 morigeri
886 1190 950 1211 esse
969 1181 1118 1219 incipiant.

425 1221 452 1251 9.
471 1220 597 1260 (Diriyec
758 1219 778 1258 .)
822 1219 882 1250 Hic
908 1219 945 1250 de
968 1219 1097 1249 secunda
1116 1219 1212 1257 gratia

347 1258 486 1297 loquitur,
506 1267 592 1296 qnam
642 1267 694 1288 eus
712 1267 783 1296 erga
798 1257 899 1288 fideles
914 1267 982 1288 suos
997 1258 1113 1293 exserit,

347 1307 434 1335 quam
460 1297 571 1327 subacti
596 1297 634 1326 ad
653 1297 755 1334 iugum
774 1295 938 1332 ferendum,
961 1295 1129 1325 obedienter
1148 1296 1212 1325 eius

346 1336 470 1374 imperio
495 1345 527 1365 se
552 1335 738 1365 submittunt.
777 1334 860 1364 Haec
885 1344 956 1364 vero
982 1333 1114 1364 docilitas
1140 1343 1212 1363 nus-

347 1383 436 1412 quam
470 1374 642 1412 reperietur,
678 1372 767 1402 donec
801 1372 896 1402 elatus
930 1371 1066 1410 superbia
1094 1373 1210 1402 animus

346 1412 505 1442 indomitus
538 1412 633 1441 fuerit.
679 1411 759 1447 Quia
787 1416 881 1455 0⁹52„
911 1411 1038 1440 Hebraei
1068 1419 1211 1447 pauperes

347 1454 453 1480 vocant
482 1449 528 1480 vel
560 1449 690 1485 afflictos,
725 1453 756 1479 et
790 1449 988 1487 metaphorice
1019 1457 1126 1478 nomen
1155 1448 1211 1478 hcc

347 1488 528 1519 transferunt
555 1487 591 1517 ad
611 1492 778 1518 mansuetos
797 1491 828 1516 et
846 1487 987 1517 humiles:
1015 1487 1087 1516 mihi
1106 1486 1209 1524 proba-

288 1538 292 1542 *
346 1527 404 1557 biis
420 1533 472 1560 est,
493 1526 636 1556 Davidem
652 1529 713 1554 tam
730 1525 902 1556 afflictiones
917 1526 1023 1562 quibus
1043 1525 1211 1554 retunditur

347 1565 443 1595 earnis
477 1565 592 1600 ferocia,
628 1573 715 1602 quam
747 1563 842 1601 ipsam
876 1563 1036 1594 modestiae
1072 1563 1210 1593 virtutem

346 1603 531 1649 complexum
554 1611 632 1632 esse:
657 1611 690 1632 ac
715 1602 741 1631 si
767 1601 904 1632 dixisset:
932 1602 1093 1639 Postquam
1113 1601 1210 1630 humi-

346 1642 430 1672 liavit
458 1641 549 1676 Deus,
584 1650 673 1670 manu
701 1641 825 1678 benigne
858 1643 1000 1678 porrecta.
1035 1644 1097 1669 toto
1133 1640 1211 1668 vitae

346 1689 431 1710 cursu
461 1689 510 1709 cos
537 1679 660 1708 deducit.
701 1679 856 1708 Caeterum
885 1679 1001 1716 quidam
1031 1677 1166 1708 iudicium
1185 1680 1211 1707 et

345 1719 421 1748 emm
440 1717 560 1747 Domini
587 1726 640 1755 pro
659 1717 737 1746 iusta
761 1723 790 1746 et
812 1717 885 1746 bene
910 1717 1068 1754 composita
1089 1715 1210 1746 vivendi

347 1757 458 1786 ratione
480 1755 632 1792 accipiunt.
673 1755 733 1784 Alii
760 1764 831 1785 vero
858 1755 990 1785 referunt
1009 1755 1046 1784 ad
1067 1755 1123 1784 Dei
1143 1763 1210 1791 pro-

347 1794 521 1824 videntiam:
547 1793 624 1830 quod
649 1794 756 1822 rectius
783 1793 906 1828 videtur,
933 1797 964 1822 et
989 1794 1024 1822 ad
1041 1797 1209 1822 contextum

347 1833 452 1870 aptius,
478 1831 547 1869 quia
566 1840 634 1860 mox
655 1830 735 1860 addit
759 1840 852 1860 omnes
869 1832 933 1861 uiae
951 1831 1069 1860 Iahovae
1097 1831 1212 1860 elemen-

347 1872 389 1901 tia
406 1872 432 1900 et
450 1870 559 1899 veritas.
586 1869 699 1899 Sensus
717 1878 787 1907 ergo
806 1876 860 1902 eet.
878 1869 929 1906 qui
949 1879 1018 1899 vere
1038 1870 1068 1899 in
1089 1878 1122 1898 se
1140 1869 1212 1906 ipsis

347 1909 451 1938 deiecti
470 1917 502 1936 ac
521 1908 553 1936 iu
574 1907 628 1936 Dei
649 1908 738 1936 fidem
756 1909 940 1942 contulerint,
968 1917 1104 1936 sensuros
1123 1917 1211 1944 quam

347 1949 421 1977 bene
442 1946 510 1975 filiic
528 1946 590 1975 suis
608 1945 749 1975 consulat.
775 1947 856 1984 Ergo
876 1946 1016 1975 iudicium
1034 1951 1065 1975 et
1084 1946 1130 1975 via
1150 1946 1212 1975 eius

348 1984 424 2015 nihil
450 1983 528 2013 alind
554 1988 600 2020 est
619 1993 706 2021 quam
726 1984 908 2022 gubernatio,
938 1993 995 2022 qua
1025 1984 1154 2014 declarat
1171 1992 1212 2020 sc,

347 2026 382 2053 ut
400 2022 542 2060 optimum
569 2027 682 2059 patrem
703 2022 793 2058 decet,
817 2031 918 2052 curare
938 2031 1057 2052 suorum
1078 2022 1211 2059 salntem,

347 2067 382 2092 ut
399 2069 552 2098 oppressos
566 2060 706 2096 sublevet,
726 2061 852 2091 deiectos
867 2061 967 2098 erigat,
988 2065 1114 2090 moestos
1129 2061 1212 2089 exhi·

347 2100 422 2130 leret
441 2108 474 2129 ac
493 2098 613 2134 soletur,
633 2099 748 2129 miseris
766 2104 926 2130 succurrat.
966 2099 1053 2128 Nunc
1080 2103 1212 2128 tenemus

344 2138 450 2176 quales
468 2137 528 2167 sint
543 2138 654 2175 gratiae
670 2137 728 2166 Dei
742 2146 813 2176 erga
827 2147 882 2166 nos
901 2146 1087 2175 progreesus:
1107 2145 1212 2174 nempe

348 2176 425 2214 quod
445 2177 572 2214 primum
591 2179 723 2205 errantes
749 2183 778 2204 ot
798 2175 918 2213 palatos,
946 2176 1004 2204 imo
1024 2176 1162 2212 profugos
1180 2177 1211 2204 iu

348 2215 428 2244 viam
447 2213 568 2249 reducit,
594 2214 753 2252 compescit
779 2218 906 2244 noeti-am
935 2214 1155 2247 contumaciam.
1182 2219 1212 2242 et

349 2253 431 2320 {rius
457 2252 612 2282 indomitos
629 2252 659 2282 in
680 2252 849 2290 obsequium
869 2252 998 2281 iustitiae
1023 2261 1093 2282 suae
1114 2252 1211 2286 flectit,

369 2291 453 2320 oinde
473 2290 549 2328 quod
569 2290 690 2320 afflictos
711 2299 740 2320 et
759 2291 925 2319 laborantes
944 2300 1003 2319 non
1023 2290 1139 2326 deserit,
1161 2291 1211 2319 sed
1232 2303 1233 2317 κ

348 2333 503 2366 postquam
537 2338 585 2358 eos
616 2337 700 2358 cruce
730 2328 867 2358 formavit
900 2328 937 2358 ad
961 2328 1155 2358 humilitatem
1182 2327 1233 2358 et?

348 2367 543 2432 modestiam]
559 2367 713 2405 providum
742 2376 774 2396 se
800 2367 832 2396 in
861 2366 990 2404 regenda
1018 2375 1118 2396 eorum
1148 2367 1212 2396 vita

349 2405 616 2487 mmffissegmam.
632 2444 694 2472 uiae
721 2441 875 2487 lahomo·
895 2442 1052 2487 Falluutur
1071 2444 1212 2480 intorpre-

350 2488 395 2511 ωε
419 2491 592 2526 qui-veram
619 2487 649 2512 et
673 2489 794 2511 suavem
818 2479 897 2526 legia-
917 2481 1080 2526 doctnnam
1106 2481 1137 2510 in
1158 2481 1212 2512 hoc

350 2528 436 2549 versu
455 2519 510 2548 dici
530 2523 642 2556 putant,
669 2519 813 2556 talemque
833 2529 865 2549 re
889 2529 952 2557 ipsa
971 2519 1073 2549 sentiri
1094 2519 1130 2549 ab
1148 2520 1212 2550 eius

1079 333 1273 364 PSALMUS
1291 332 1394 363 XXV.

2069 336 2127 365 256

1258 415 1431 446 cultoribus:
1466 426 1499 446 ac
1535 417 1560 446 si
1589 424 1764 455 congrueret
1792 419 1840 448 hic
1870 419 1950 448 locus
1978 430 2044 449 eum
2075 420 2126 449 illo

1258 454 1369 485 Christi
1385 454 1474 484 dioto:
1490 454 1599 492 Iugum
1610 465 1707 486 meum
1717 466 1808 486 suave
1823 461 1879 494 est,
1893 462 1923 486 et
1935 467 2010 486 onus
2026 467 2124 487 meum

1258 493 1331 523 leve.
1360 493 1467 522 Matth.
1490 494 1535 529 11,
1554 493 1601 523 30.
1631 494 1733 532 Neque
1750 496 1828 524 enim
1847 495 1943 525 solum
1962 500 2062 525 coacta
2079 503 2126 526 est

1257 530 1398 561 eiusmodi
1424 530 1630 568 interpretatio
1654 533 1706 562 sed
1733 533 1816 562 facile
1842 534 1936 562 refelli
1963 539 2061 572 potest
2087 544 2124 564 ex

1257 568 1359 599 multis
1383 568 1528 599 similibus
1553 569 1632 604 locis.
1660 571 1710 600 nbi
1737 571 1802 600 viae
1822 571 1941 600 Domini
1967 577 2127 601 sumuntur

1270 607 1497 675 :eximit
1507 612 1811 684 ''r'i’ai'iffi‘ffiussss
1829 609 1939 677 {¹33⁰st
1955 610 2127 678 {2³:350ss

1257 692 1316 751 Ἐκ
1333 693 1382 713 res
1399 682 1542 714 humanas
1562 688 1713 722 temperat.
1754 685 1877 715 Summa
1895 657 1987 724 igliur
2007 691 2060 722 est,
2081 687 2126 717 eie

1287 721 1418 751 ominum
1448 730 1536 759 agere
1563 731 1630 752 cum
1660 723 1721 753 suis
1750 723 1891 759 fidelibus,
1921 729 1953 754 ut
1983 726 2063 754 omui
2087 734 2124 754 ex

1257 764 1342 797 parte
1360 760 1521 796 propitium
1548 764 1578 788 et
1603 770 1737 791 veracem
1757 771 1822 791 eum
1843 763 1980 792 sentiant.
2020 763 2126 801 Neque

1257 799 1335 827 enim
1362 797 1410 827 hic
1429 803 1533 827 narrat
1553 798 1649 828 David
1670 800 1786 837 qualem
1806 802 1971 837 promiscue
1990 811 2022 830 se
2042 801 2126 831 Deus

1257 845 1328 874 erga
1346 836 1508 865 humanum
1529 845 1622 874 genus
1643 843 1779 874 praestet,
1804 839 1855 868 sed
1904 839 2000 869 nalem
2026 841 2036 868 i
2075 849 2128 869 um

1255 874 1446 919 experiantur
1464 873 1527 903 eius
1546 874 1606 904 filii.
1628 875 1766 905 Vidimus
1785 877 1864 906 enim
1884 849 2002 907 {salmo
2020 849 2074 915 lg?
2086 878 2128 908 26

1255 913 1427 957 praefractis
1453 912 1560 942 durum
1585 923 1649 942 esse
1675 918 1704 943 et
1728 915 1864 952 rigidum,
1893 919 1979 953 atque
2007 922 2042 945 ut
2065 917 2127 946 cle-

1254 955 1370 980 menter
1396 954 1538 988 mnosoat.
1570 951 1702 981 videmus
1730 957 1827 982 temen
1854 954 1935 983 nullo
1961 954 2128 984 dulcedinis

1257 990 1319 1019 eius
1339 998 1426 1018 sensu
1448 988 1538 1018 affici:
1558 993 1672 1019 tantum
1692 991 1774 1021 abest
1792 997 1825 1021 ut
1847 992 1909 1021 sius
1923 993 2128 1029 promissioni-

1257 1028 1310 1057 bus
1340 1027 1436 1056 innixi
1474 1027 1589 1064 plenam
1619 1028 1656 1057 ab
1686 1039 1718 1058 eo
1747 1029 1915 1059 felicitatem
1945 1035 2126 1069 exepectent.

1257 1066 1321 1096 Imc
1347 1065 1435 1095 simul
1458 1070 1545 1103 atque
1570 1065 1680 1104 aliquid
1700 1067 1817 1097 adversi
1837 1070 1967 1106 contigit,
1993 1071 2130 1099 tremunt

1257 1108 1287 1134 et
1311 1104 1511 1141 indignantur,
1538 1103 1636 1133 Deum
1661 1105 1842 1135 crudelitatis
1867 1106 2050 1142 insimulant.
2078 1108 2127 1137 vel

1257 1141 1382 1172 surdum
1407 1151 1471 1171 esse
1496 1141 1556 1170 suis
1582 1143 1717 1179 precibus
1743 1150 1922 1181 queruntur:
1951 1145 1982 1174 in
2014 1145 2128 1176 laetitia

1258 1189 1326 1210 vero
1345 1181 1408 1210 ciue
1428 1185 1613 1218 conspectum
1635 1181 1772 1220 fugitant.
1813 1183 1912 1219 Quare
1933 1193 1993 1212 non
2021 1185 2130 1214 imme-

1257 1220 1313 1249 rito
1342 1219 1399 1248 Dei
1435 1219 1620 1248 clementiam
1656 1226 1685 1249 et
1714 1219 1801 1250 fidem
1832 1222 1916 1265 quasi
1946 1223 2128 1259 peculiarem

1257 1258 1426 1287 thesaurum
1447 1255 1583 1286 fidelibus
1602 1257 1750 1296 designat:
1771 1267 1804 1288 ac
1820 1268 1843 1289 si
1861 1259 1969 1290 diceret
1986 1270 2041 1290 non
2059 1269 2127 1291 csse

1258 1295 1418 1326 timendum
1444 1305 1482 1325 ne
1502 1295 1583 1324 Deus
1603 1305 1658 1325 nos
1683 1297 1848 1332 frustretur,
1873 1298 1898 1327 ai
1918 1307 2070 1329 manemus
2092 1300 2125 1329 in

1256 1344 1309 1364 sno
1336 1333 1461 1362 foedere.
1505 1332 1619 1363 Foedus
1645 1336 1671 1364 et
1701 1335 1889 1365 mummium
1920 1337 1995 1366 idem
2034 1337 2124 1373 valet.

1257 1373 1314 1402 nisi
1340 1370 1416 1408 qnod
1435 1372 1595 1400 secundum
1620 1374 1768 1410 exegetice
1789 1368 1918 1404 additum
1940 1381 1993 1404 est.
2034 1375 2127 1406 Com-

1258 1409 1413 1448 prehendit
1440 1414 1538 1439 autem
1570 1415 1660 1440 totam
1694 1413 1766 1448 legis
1797 1411 1968 1448 doctrinam,
2005 1414 2036 1443 in
2065 1422 2128 1451 qna

1257 1459 1323 1480 cum
1350 1447 1440 1477 electo
1467 1448 1574 1485 populo
1593 1449 1758 1486 paciscitur.

1334 1487 1379 1515 11.
1401 1485 1537 1523 (Homer
1554 1495 1652 1516 nomen
1669 1490 1749 1517 tum
1768 1487 1872 1518 Iehova
1888 1490 2036 1526 propitius,
2063 1491 2126 1528 etc.)

1257 1525 1335 1561 Quia
1353 1524 1456 1561 copula
1474 1525 1676 1562 interponitur,
1698 1530 1804 1562 putent
1823 1527 1939 1563 quidam
1960 1527 2014 1557 hoo
2034 1537 2127 1558 mem·

1257 1564 1341 1594 brum
1372 1562 1425 1592 ccli
1449 1562 1503 1592 tice
1531 1564 1656 1600 positum
1687 1574 1759 1600 esse,
1789 1570 1822 1593 ut
1852 1566 1973 1594 verbum
2004 1566 2124 1604 aliquod

1256 1601 1415 1631 subaudien
1439 1609 1487 1629 um
1506 1601 1553 1636 sit.
1574 1601 1678 1631 deinde
1697 1604 1873 1632 sententiam
1890 1604 1973 1633 illam
1989 1613 2125 1634 seorsum

1259 1641 1374 1678 legunt:
1395 1639 1541 1675 Propitius
1559 1641 1602 1670 sis
1621 1641 1765 1676 iniquitati·
1783 1651 1867 1670 meae.
1895 1642 1998 1679 Itaque
2018 1651 2125 1673 secuu—

1257 1679 1325 1708 dum
1351 1687 1400 1708 coe
1426 1687 1529 1707 sensus
1555 1684 1645 1708 esset:
1674 1678 1798 1708 Domine
1824 1680 1894 1708 licet
1918 1680 2018 1710 foedus
2038 1688 2127 1712 tuum

1257 1727 1314 1746 non
1334 1721 1436 1745 exacte
1451 1715 1646 1751 custodierim,
1667 1725 1704 1745 ne
1725 1723 1822 1746 tamen
1839 1723 1991 1756 propterea
2007 1719 2126 1750 desinas

1256 1755 1415 1784 beneficum
1438 1759 1466 1782 w
1485 1764 1554 1791 erga
1574 1765 1620 1784 me
1641 1755 1800 1791 ostendere,
1821 1765 1855 1785 ac
1875 1766 1912 1785 nc
1934 1763 2013 1786 tuam
2034 1757 2124 1788 bene-

1258 1794 1401 1822 ficentiam
1428 1797 1524 1820 arceat
1544 1802 1609 1822 mee
1628 1794 1779 1830 iniquitas,
1804 1803 1869 1823 eam
1889 1795 1961 1824 mihi
1982 1796 2124 1826 condona.

1257 1831 1317 1860 Sed
1344 1840 1398 1869 ego
1424 1829 1490 1859 aliis
1517 1831 1614 1867 potius
1639 1833 1782 1861 assentior
1809 1834 1858 1870 qui
1879 1833 2014 1870 copulam
2035 1834 2127 1872 (sicut

1258 1870 1323 1900 aliis
1347 1868 1480 1906 pluribus
1509 1869 1590 1907 locis)
1616 1879 1823 1906 supervacuam
1855 1881 1917 1901 csse
1946 1878 2060 1909 putant.
2091 1877 2127 1902 ut

1257 1917 1316 1936 unc
1351 1911 1490 1936 contextu
1519 1907 1674 1937 cohaereat.
1702 1912 1781 1937 totus
1813 1918 1921 1939 versus.
1970 1910 2006 1938 In
2042 1911 2124 1940 verbi

1259 1947 1346 1975 etiam
1364 1949 1493 1981 tempore
1510 1945 1684 1976 dissentiunt
1701 1947 1888 1984 interpretes,
1908 1948 2025 1984 quidam
2041 1949 2123 1977 enim

1257 1983 1448 2022 praeteritum
1464 1983 1594 2013 retinent
1608 1994 1642 2015 ac
1658 1986 1682 2015 si
1699 1985 1808 2022 gratias
1825 1986 1889 2015 Deo
1911 1991 2010 2024 ageret
2026 1986 2126 2016 David

1258 2023 1294 2051 ob
1314 2022 1467 2051 remissum
1487 2022 1544 2050 sibi
1563 2027 1722 2059 peccatum.
1764 2023 1822 2052 Sed
1850 2024 1948 2052 verior
1968 2029 2012 2053 est
2031 2025 2127 2054 altera

1259 2061 1408 2098 expositio.
1429 2068 1502 2096 quae
1521 2060 1609 2090 etiam
1635 2062 1728 2098 magia
1756 2067 1872 2098 recepta
1891 2066 1950 2091 est:
1978 2063 2125 2092 Davidem

1258 2100 1368 2129 scilicet
1391 2099 1496 2127 iterum
1524 2098 1561 2127 ad
1581 2099 1794 2130 misericordiae
1814 2100 1870 2130 Dei
1890 2100 2006 2138 asylum
2025 2101 2128 2130 confu-

1259 2146 1327 2175 gere
1346 2140 1379 2165 ut
1398 2136 1514 2165 veniam
1535 2137 1674 2167 obtineat.
1701 2138 1776 2166 Nam
1797 2144 1808 2174 Ὶ
1829 2144 1873 2168 cst
1892 2139 2032 2176 temporis
2051 2148 2127 2169 con·

1260 2176 1423 2204 voi-sivum:
1461 2175 1593 2204 futurum
1629 2186 1697 2206 vero
1731 2177 1853 2212 optativi
1889 2177 1952 2206 loco
1987 2178 2127 2207 sumitur.

1259 2214 1350 2243 Porro
1378 2212 1455 2242 huno
1481 2222 1601 2243 versum
1627 2216 1667 2244 ita
1695 2224 1761 2244 cum
1791 2214 2028 2252 praecedentibus
2054 2225 2128 2244 con-

1258 2253 1362 2289 iunge:
1397 2250 1496 2286 Quum
1533 2261 1631 2282 secum
1667 2252 1824 2281 meditatus
1859 2258 1936 2282 esset
1969 2254 2127 2291 propheta,

1258 2291 1354 2319 Deum
1381 2290 1542 2318 beneficum
1571 2295 1601 2319 et
1629 2291 1742 2319 fidelem
1773 2300 1836 2320 case
1866 2292 1927 2320 suis
1955 2291 2128 2327 cultoribus,

1257 2329 1315 2358 iam
1335 2328 1366 2357 in
1387 2337 1417 2357 se
1434 2327 1620 2364 descendens,
1640 2328 1772 2366 agnoscit
1789 2330 1906 2358 nonnisi
1923 2330 2129 2359 intercedente

1259 2367 1346 2395 venis
1368 2375 1453 2403 posse
1472 2365 1503 2394 in
1524 2366 1577 2396 hoc
1594 2376 1714 2396 numero
1741 2377 1772 2396 se
1791 2368 1912 2402 censeri,
1940 2367 2063 2406 ideoque
2085 2369 2123 2397 ad

1258 2405 1488 2441 deprecationem
1519 2414 1550 2433 ee
1585 2405 1713 2434 confert:
1749 2406 1834 2435 sicuti
1864 2406 1982 2435 Psalmo
2015 2406 2060 2441 19,
2091 2406 2128 2436 13

1258 2443 1305 2472 ubi
1330 2442 1517 2472 concionatus
1543 2447 1588 2472 cet
1612 2443 1648 2472 dc
1673 2443 1804 2472 mercede
1831 2454 1906 2481 quae
1931 2445 2060 2482 reposita
2081 2453 2129 2474 eet

1257 2480 1398 2517 fidelibus,
1424 2479 1473 2509 ubi
1498 2479 1562 2518 lege
1585 2482 1782 2511 servaverint:
1815 2487 1935 2520 repente
1961 2482 2127 2512 exclamat:

1258 2519 1373 2549 Delicta
1392 2519 1457 2556 quis
1482 2519 1644 2558 intelliget?
1677 2520 1821 2556 Quamvis
1840 2529 1910 2558 ergo
1930 2530 1987 2550 non
2008 2521 2130 2558 ignoret
